%YAML 1.1
%TAG !u! tag:unity3d.com,2011:
--- !u!29 &1
OcclusionCullingSettings:
  m_ObjectHideFlags: 0
  serializedVersion: 2
  m_OcclusionBakeSettings:
    smallestOccluder: 5
    smallestHole: 0.25
    backfaceThreshold: 100
  m_SceneGUID: 00000000000000000000000000000000
  m_OcclusionCullingData: {fileID: 0}
--- !u!104 &2
RenderSettings:
  m_ObjectHideFlags: 0
  serializedVersion: 9
  m_Fog: 1
  m_FogColor: {r: 0.9058824, g: 0.9058824, b: 0.9058824, a: 1}
  m_FogMode: 3
  m_FogDensity: 0.02
  m_LinearFogStart: 0
  m_LinearFogEnd: 300
  m_AmbientSkyColor: {r: 0.212, g: 0.227, b: 0.259, a: 1}
  m_AmbientEquatorColor: {r: 0.114, g: 0.125, b: 0.133, a: 1}
  m_AmbientGroundColor: {r: 0.047, g: 0.043, b: 0.035, a: 1}
  m_AmbientIntensity: 1
  m_AmbientMode: 0
  m_SubtractiveShadowColor: {r: 0.42, g: 0.478, b: 0.627, a: 1}
  m_SkyboxMaterial: {fileID: 10304, guid: 0000000000000000f000000000000000, type: 0}
  m_HaloStrength: 0.5
  m_FlareStrength: 1
  m_FlareFadeSpeed: 3
  m_HaloTexture: {fileID: 0}
  m_SpotCookie: {fileID: 10001, guid: 0000000000000000e000000000000000, type: 0}
  m_DefaultReflectionMode: 0
  m_DefaultReflectionResolution: 128
  m_ReflectionBounces: 1
  m_ReflectionIntensity: 1
  m_CustomReflection: {fileID: 0}
  m_Sun: {fileID: 705507994}
  m_IndirectSpecularColor: {r: 0, g: 0, b: 0, a: 1}
  m_UseRadianceAmbientProbe: 0
--- !u!157 &3
LightmapSettings:
  m_ObjectHideFlags: 0
  serializedVersion: 12
  m_GIWorkflowMode: 1
  m_GISettings:
    serializedVersion: 2
    m_BounceScale: 1
    m_IndirectOutputScale: 1
    m_AlbedoBoost: 1
    m_EnvironmentLightingMode: 0
    m_EnableBakedLightmaps: 1
    m_EnableRealtimeLightmaps: 0
  m_LightmapEditorSettings:
    serializedVersion: 12
    m_Resolution: 2
    m_BakeResolution: 40
    m_AtlasSize: 1024
    m_AO: 0
    m_AOMaxDistance: 1
    m_CompAOExponent: 1
    m_CompAOExponentDirect: 0
    m_ExtractAmbientOcclusion: 0
    m_Padding: 2
    m_LightmapParameters: {fileID: 0}
    m_LightmapsBakeMode: 1
    m_TextureCompression: 1
    m_FinalGather: 0
    m_FinalGatherFiltering: 1
    m_FinalGatherRayCount: 256
    m_ReflectionCompression: 2
    m_MixedBakeMode: 2
    m_BakeBackend: 1
    m_PVRSampling: 1
    m_PVRDirectSampleCount: 32
    m_PVRSampleCount: 500
    m_PVRBounces: 2
    m_PVREnvironmentSampleCount: 500
    m_PVREnvironmentReferencePointCount: 2048
    m_PVRFilteringMode: 2
    m_PVRDenoiserTypeDirect: 0
    m_PVRDenoiserTypeIndirect: 0
    m_PVRDenoiserTypeAO: 0
    m_PVRFilterTypeDirect: 0
    m_PVRFilterTypeIndirect: 0
    m_PVRFilterTypeAO: 0
    m_PVREnvironmentMIS: 0
    m_PVRCulling: 1
    m_PVRFilteringGaussRadiusDirect: 1
    m_PVRFilteringGaussRadiusIndirect: 5
    m_PVRFilteringGaussRadiusAO: 2
    m_PVRFilteringAtrousPositionSigmaDirect: 0.5
    m_PVRFilteringAtrousPositionSigmaIndirect: 2
    m_PVRFilteringAtrousPositionSigmaAO: 1
    m_ExportTrainingData: 0
    m_TrainingDataDestination: TrainingData
    m_LightProbeSampleCountMultiplier: 4
  m_LightingDataAsset: {fileID: 0}
  m_LightingSettings: {fileID: 1531242601}
--- !u!196 &4
NavMeshSettings:
  serializedVersion: 2
  m_ObjectHideFlags: 0
  m_BuildSettings:
    serializedVersion: 2
    agentTypeID: 0
    agentRadius: 0.5
    agentHeight: 2
    agentSlope: 45
    agentClimb: 0.4
    ledgeDropHeight: 0
    maxJumpAcrossDistance: 0
    minRegionArea: 2
    manualCellSize: 0
    cellSize: 0.16666667
    manualTileSize: 0
    tileSize: 256
    accuratePlacement: 0
    maxJobWorkers: 0
    preserveTilesOutsideBounds: 0
    debug:
      m_Flags: 0
  m_NavMeshData: {fileID: 0}
--- !u!1 &127362392
GameObject:
  m_ObjectHideFlags: 0
  m_CorrespondingSourceObject: {fileID: 0}
  m_PrefabInstance: {fileID: 0}
  m_PrefabAsset: {fileID: 0}
  serializedVersion: 6
  m_Component:
  - component: {fileID: 127362393}
  m_Layer: 0
  m_Name: Obstacles
  m_TagString: Untagged
  m_Icon: {fileID: 0}
  m_NavMeshLayer: 0
  m_StaticEditorFlags: 0
  m_IsActive: 1
--- !u!4 &127362393
Transform:
  m_ObjectHideFlags: 0
  m_CorrespondingSourceObject: {fileID: 0}
  m_PrefabInstance: {fileID: 0}
  m_PrefabAsset: {fileID: 0}
  m_GameObject: {fileID: 127362392}
  m_LocalRotation: {x: 0, y: 0, z: 0, w: 1}
  m_LocalPosition: {x: 4.079132, y: -15.701941, z: 58.411602}
  m_LocalScale: {x: 1, y: 1, z: 1}
  m_Children:
  - {fileID: 748318998}
  - {fileID: 969158792}
  - {fileID: 617275261}
  - {fileID: 721015631}
  - {fileID: 1106959281}
  - {fileID: 1657922793}
  - {fileID: 676860568}
  - {fileID: 1781643473}
  - {fileID: 1487003418}
  - {fileID: 708723435}
  - {fileID: 1856941651}
  - {fileID: 875540025}
  - {fileID: 686014281}
  - {fileID: 816267002}
  - {fileID: 2110673087}
  - {fileID: 905047283}
  - {fileID: 1219241997}
  - {fileID: 1937140921}
  - {fileID: 442858191}
  m_Father: {fileID: 0}
  m_RootOrder: 10
  m_LocalEulerAnglesHint: {x: 0, y: 0, z: 0}
--- !u!1001 &399820366
PrefabInstance:
  m_ObjectHideFlags: 0
  serializedVersion: 2
  m_Modification:
    m_TransformParent: {fileID: 0}
    m_Modifications:
    - target: {fileID: 5119133696162124226, guid: b10f8cb102217e747ad07071873945e1, type: 3}
      propertyPath: m_Enabled
      value: 0
      objectReference: {fileID: 0}
    - target: {fileID: 5119133696162124231, guid: b10f8cb102217e747ad07071873945e1, type: 3}
      propertyPath: m_Name
      value: Out of Bounds
      objectReference: {fileID: 0}
    - target: {fileID: 5119133696162124252, guid: b10f8cb102217e747ad07071873945e1, type: 3}
      propertyPath: m_LocalPosition.x
      value: 0
      objectReference: {fileID: 0}
    - target: {fileID: 5119133696162124252, guid: b10f8cb102217e747ad07071873945e1, type: 3}
      propertyPath: m_LocalPosition.y
      value: -5
      objectReference: {fileID: 0}
    - target: {fileID: 5119133696162124252, guid: b10f8cb102217e747ad07071873945e1, type: 3}
      propertyPath: m_LocalPosition.z
      value: 479
      objectReference: {fileID: 0}
    - target: {fileID: 5119133696162124252, guid: b10f8cb102217e747ad07071873945e1, type: 3}
      propertyPath: m_LocalRotation.x
      value: 0
      objectReference: {fileID: 0}
    - target: {fileID: 5119133696162124252, guid: b10f8cb102217e747ad07071873945e1, type: 3}
      propertyPath: m_LocalRotation.y
      value: 0
      objectReference: {fileID: 0}
    - target: {fileID: 5119133696162124252, guid: b10f8cb102217e747ad07071873945e1, type: 3}
      propertyPath: m_LocalRotation.z
      value: 0
      objectReference: {fileID: 0}
    - target: {fileID: 5119133696162124252, guid: b10f8cb102217e747ad07071873945e1, type: 3}
      propertyPath: m_LocalRotation.w
      value: 1
      objectReference: {fileID: 0}
    - target: {fileID: 5119133696162124252, guid: b10f8cb102217e747ad07071873945e1, type: 3}
      propertyPath: m_RootOrder
      value: 5
      objectReference: {fileID: 0}
    - target: {fileID: 5119133696162124252, guid: b10f8cb102217e747ad07071873945e1, type: 3}
      propertyPath: m_LocalEulerAnglesHint.x
      value: 0
      objectReference: {fileID: 0}
    - target: {fileID: 5119133696162124252, guid: b10f8cb102217e747ad07071873945e1, type: 3}
      propertyPath: m_LocalEulerAnglesHint.y
      value: 0
      objectReference: {fileID: 0}
    - target: {fileID: 5119133696162124252, guid: b10f8cb102217e747ad07071873945e1, type: 3}
      propertyPath: m_LocalEulerAnglesHint.z
      value: 0
      objectReference: {fileID: 0}
    - target: {fileID: 5119133696162124252, guid: b10f8cb102217e747ad07071873945e1, type: 3}
      propertyPath: m_LocalScale.x
      value: 100
      objectReference: {fileID: 0}
    - target: {fileID: 5119133696162124252, guid: b10f8cb102217e747ad07071873945e1, type: 3}
      propertyPath: m_LocalScale.z
      value: 1000
      objectReference: {fileID: 0}
    m_RemovedComponents:
    - {fileID: 5119133696162124224, guid: b10f8cb102217e747ad07071873945e1, type: 3}
  m_SourcePrefab: {fileID: 100100000, guid: b10f8cb102217e747ad07071873945e1, type: 3}
--- !u!1001 &419480127
PrefabInstance:
  m_ObjectHideFlags: 0
  serializedVersion: 2
  m_Modification:
    m_TransformParent: {fileID: 127362393}
    m_Modifications:
    - target: {fileID: 5119133696162124231, guid: b10f8cb102217e747ad07071873945e1, type: 3}
      propertyPath: m_Name
      value: Obstacle (7)
      objectReference: {fileID: 0}
    - target: {fileID: 5119133696162124252, guid: b10f8cb102217e747ad07071873945e1, type: 3}
      propertyPath: m_LocalPosition.x
      value: -0.9
      objectReference: {fileID: 0}
    - target: {fileID: 5119133696162124252, guid: b10f8cb102217e747ad07071873945e1, type: 3}
      propertyPath: m_LocalPosition.y
      value: 17.20194
      objectReference: {fileID: 0}
    - target: {fileID: 5119133696162124252, guid: b10f8cb102217e747ad07071873945e1, type: 3}
      propertyPath: m_LocalPosition.z
      value: 62.2
      objectReference: {fileID: 0}
    - target: {fileID: 5119133696162124252, guid: b10f8cb102217e747ad07071873945e1, type: 3}
      propertyPath: m_LocalRotation.x
      value: -0
      objectReference: {fileID: 0}
    - target: {fileID: 5119133696162124252, guid: b10f8cb102217e747ad07071873945e1, type: 3}
      propertyPath: m_LocalRotation.y
      value: -0
      objectReference: {fileID: 0}
    - target: {fileID: 5119133696162124252, guid: b10f8cb102217e747ad07071873945e1, type: 3}
      propertyPath: m_LocalRotation.z
      value: -0
      objectReference: {fileID: 0}
    - target: {fileID: 5119133696162124252, guid: b10f8cb102217e747ad07071873945e1, type: 3}
      propertyPath: m_LocalRotation.w
      value: 1
      objectReference: {fileID: 0}
    - target: {fileID: 5119133696162124252, guid: b10f8cb102217e747ad07071873945e1, type: 3}
      propertyPath: m_RootOrder
      value: 5
      objectReference: {fileID: 0}
    - target: {fileID: 5119133696162124252, guid: b10f8cb102217e747ad07071873945e1, type: 3}
      propertyPath: m_LocalEulerAnglesHint.x
      value: 0
      objectReference: {fileID: 0}
    - target: {fileID: 5119133696162124252, guid: b10f8cb102217e747ad07071873945e1, type: 3}
      propertyPath: m_LocalEulerAnglesHint.y
      value: 0
      objectReference: {fileID: 0}
    - target: {fileID: 5119133696162124252, guid: b10f8cb102217e747ad07071873945e1, type: 3}
      propertyPath: m_LocalEulerAnglesHint.z
      value: 0
      objectReference: {fileID: 0}
    - target: {fileID: 5119133696162124252, guid: b10f8cb102217e747ad07071873945e1, type: 3}
      propertyPath: m_LocalScale.x
      value: 6
      objectReference: {fileID: 0}
    - target: {fileID: 5119133696162124252, guid: b10f8cb102217e747ad07071873945e1, type: 3}
      propertyPath: m_LocalScale.y
      value: 2
      objectReference: {fileID: 0}
    - target: {fileID: 5119133696162124252, guid: b10f8cb102217e747ad07071873945e1, type: 3}
      propertyPath: m_LocalScale.z
      value: 2.32
      objectReference: {fileID: 0}
    m_RemovedComponents: []
  m_SourcePrefab: {fileID: 100100000, guid: b10f8cb102217e747ad07071873945e1, type: 3}
--- !u!4 &442858191 stripped
Transform:
  m_CorrespondingSourceObject: {fileID: 5119133696162124252, guid: b10f8cb102217e747ad07071873945e1, type: 3}
  m_PrefabInstance: {fileID: 1799172703}
  m_PrefabAsset: {fileID: 0}
--- !u!1 &538421789
GameObject:
  m_ObjectHideFlags: 0
  m_CorrespondingSourceObject: {fileID: 0}
  m_PrefabInstance: {fileID: 0}
  m_PrefabAsset: {fileID: 0}
  serializedVersion: 6
  m_Component:
  - component: {fileID: 538421792}
  - component: {fileID: 538421791}
  - component: {fileID: 538421790}
  m_Layer: 0
  m_Name: EventSystem
  m_TagString: Untagged
  m_Icon: {fileID: 0}
  m_NavMeshLayer: 0
  m_StaticEditorFlags: 0
  m_IsActive: 1
--- !u!114 &538421790
MonoBehaviour:
  m_ObjectHideFlags: 0
  m_CorrespondingSourceObject: {fileID: 0}
  m_PrefabInstance: {fileID: 0}
  m_PrefabAsset: {fileID: 0}
  m_GameObject: {fileID: 538421789}
  m_Enabled: 1
  m_EditorHideFlags: 0
  m_Script: {fileID: 11500000, guid: 4f231c4fb786f3946a6b90b886c48677, type: 3}
  m_Name: 
  m_EditorClassIdentifier: 
  m_HorizontalAxis: Horizontal
  m_VerticalAxis: Vertical
  m_SubmitButton: Submit
  m_CancelButton: Cancel
  m_InputActionsPerSecond: 10
  m_RepeatDelay: 0.5
  m_ForceModuleActive: 0
--- !u!114 &538421791
MonoBehaviour:
  m_ObjectHideFlags: 0
  m_CorrespondingSourceObject: {fileID: 0}
  m_PrefabInstance: {fileID: 0}
  m_PrefabAsset: {fileID: 0}
  m_GameObject: {fileID: 538421789}
  m_Enabled: 1
  m_EditorHideFlags: 0
  m_Script: {fileID: 11500000, guid: 76c392e42b5098c458856cdf6ecaaaa1, type: 3}
  m_Name: 
  m_EditorClassIdentifier: 
  m_FirstSelected: {fileID: 0}
  m_sendNavigationEvents: 1
  m_DragThreshold: 10
--- !u!4 &538421792
Transform:
  m_ObjectHideFlags: 0
  m_CorrespondingSourceObject: {fileID: 0}
  m_PrefabInstance: {fileID: 0}
  m_PrefabAsset: {fileID: 0}
  m_GameObject: {fileID: 538421789}
  m_LocalRotation: {x: 0, y: 0, z: 0, w: 1}
  m_LocalPosition: {x: 0, y: 0, z: 0}
  m_LocalScale: {x: 1, y: 1, z: 1}
  m_Children: []
  m_Father: {fileID: 0}
  m_RootOrder: 7
  m_LocalEulerAnglesHint: {x: 0, y: 0, z: 0}
--- !u!4 &617275261 stripped
Transform:
  m_CorrespondingSourceObject: {fileID: 5119133696162124252, guid: b10f8cb102217e747ad07071873945e1, type: 3}
  m_PrefabInstance: {fileID: 1816907353}
  m_PrefabAsset: {fileID: 0}
--- !u!4 &676860568 stripped
Transform:
  m_CorrespondingSourceObject: {fileID: 5119133696162124252, guid: b10f8cb102217e747ad07071873945e1, type: 3}
  m_PrefabInstance: {fileID: 1582876627}
  m_PrefabAsset: {fileID: 0}
--- !u!4 &686014281 stripped
Transform:
  m_CorrespondingSourceObject: {fileID: 5119133696162124252, guid: b10f8cb102217e747ad07071873945e1, type: 3}
  m_PrefabInstance: {fileID: 936831920}
  m_PrefabAsset: {fileID: 0}
--- !u!1001 &690036815
PrefabInstance:
  m_ObjectHideFlags: 0
  serializedVersion: 2
  m_Modification:
    m_TransformParent: {fileID: 127362393}
    m_Modifications:
    - target: {fileID: 5119133696162124231, guid: b10f8cb102217e747ad07071873945e1, type: 3}
      propertyPath: m_Name
      value: Obstacle (18)
      objectReference: {fileID: 0}
    - target: {fileID: 5119133696162124252, guid: b10f8cb102217e747ad07071873945e1, type: 3}
      propertyPath: m_LocalPosition.x
      value: 2.44
      objectReference: {fileID: 0}
    - target: {fileID: 5119133696162124252, guid: b10f8cb102217e747ad07071873945e1, type: 3}
      propertyPath: m_LocalPosition.y
      value: 18.20194
      objectReference: {fileID: 0}
    - target: {fileID: 5119133696162124252, guid: b10f8cb102217e747ad07071873945e1, type: 3}
      propertyPath: m_LocalPosition.z
      value: 254.1
      objectReference: {fileID: 0}
    - target: {fileID: 5119133696162124252, guid: b10f8cb102217e747ad07071873945e1, type: 3}
      propertyPath: m_LocalRotation.x
      value: -0
      objectReference: {fileID: 0}
    - target: {fileID: 5119133696162124252, guid: b10f8cb102217e747ad07071873945e1, type: 3}
      propertyPath: m_LocalRotation.y
      value: -0
      objectReference: {fileID: 0}
    - target: {fileID: 5119133696162124252, guid: b10f8cb102217e747ad07071873945e1, type: 3}
      propertyPath: m_LocalRotation.z
      value: 0.7071068
      objectReference: {fileID: 0}
    - target: {fileID: 5119133696162124252, guid: b10f8cb102217e747ad07071873945e1, type: 3}
      propertyPath: m_LocalRotation.w
      value: 0.7071068
      objectReference: {fileID: 0}
    - target: {fileID: 5119133696162124252, guid: b10f8cb102217e747ad07071873945e1, type: 3}
      propertyPath: m_RootOrder
      value: 17
      objectReference: {fileID: 0}
    - target: {fileID: 5119133696162124252, guid: b10f8cb102217e747ad07071873945e1, type: 3}
      propertyPath: m_LocalEulerAnglesHint.x
      value: 0
      objectReference: {fileID: 0}
    - target: {fileID: 5119133696162124252, guid: b10f8cb102217e747ad07071873945e1, type: 3}
      propertyPath: m_LocalEulerAnglesHint.y
      value: 0
      objectReference: {fileID: 0}
    - target: {fileID: 5119133696162124252, guid: b10f8cb102217e747ad07071873945e1, type: 3}
      propertyPath: m_LocalEulerAnglesHint.z
      value: 90
      objectReference: {fileID: 0}
    - target: {fileID: 5119133696162124252, guid: b10f8cb102217e747ad07071873945e1, type: 3}
      propertyPath: m_LocalScale.x
      value: 4
      objectReference: {fileID: 0}
    - target: {fileID: 5119133696162124252, guid: b10f8cb102217e747ad07071873945e1, type: 3}
      propertyPath: m_LocalScale.y
      value: 2
      objectReference: {fileID: 0}
    - target: {fileID: 5119133696162124252, guid: b10f8cb102217e747ad07071873945e1, type: 3}
      propertyPath: m_LocalScale.z
      value: 2.32
      objectReference: {fileID: 0}
    m_RemovedComponents: []
  m_SourcePrefab: {fileID: 100100000, guid: b10f8cb102217e747ad07071873945e1, type: 3}
--- !u!1 &705507993
GameObject:
  m_ObjectHideFlags: 0
  m_CorrespondingSourceObject: {fileID: 0}
  m_PrefabInstance: {fileID: 0}
  m_PrefabAsset: {fileID: 0}
  serializedVersion: 6
  m_Component:
  - component: {fileID: 705507995}
  - component: {fileID: 705507994}
  m_Layer: 0
  m_Name: Directional Light
  m_TagString: Untagged
  m_Icon: {fileID: 0}
  m_NavMeshLayer: 0
  m_StaticEditorFlags: 0
  m_IsActive: 1
--- !u!108 &705507994
Light:
  m_ObjectHideFlags: 0
  m_CorrespondingSourceObject: {fileID: 0}
  m_PrefabInstance: {fileID: 0}
  m_PrefabAsset: {fileID: 0}
  m_GameObject: {fileID: 705507993}
  m_Enabled: 1
  serializedVersion: 10
  m_Type: 1
  m_Shape: 0
  m_Color: {r: 1, g: 0.95686275, b: 0.8392157, a: 1}
  m_Intensity: 1.83
  m_Range: 10
  m_SpotAngle: 30
  m_InnerSpotAngle: 21.80208
  m_CookieSize: 10
  m_Shadows:
    m_Type: 2
    m_Resolution: -1
    m_CustomResolution: -1
    m_Strength: 1
    m_Bias: 0.05
    m_NormalBias: 0.4
    m_NearPlane: 0.2
    m_CullingMatrixOverride:
      e00: 1
      e01: 0
      e02: 0
      e03: 0
      e10: 0
      e11: 1
      e12: 0
      e13: 0
      e20: 0
      e21: 0
      e22: 1
      e23: 0
      e30: 0
      e31: 0
      e32: 0
      e33: 1
    m_UseCullingMatrixOverride: 0
  m_Cookie: {fileID: 0}
  m_DrawHalo: 0
  m_Flare: {fileID: 0}
  m_RenderMode: 0
  m_CullingMask:
    serializedVersion: 2
    m_Bits: 4294967295
  m_RenderingLayerMask: 1
  m_Lightmapping: 1
  m_LightShadowCasterMode: 0
  m_AreaSize: {x: 1, y: 1}
  m_BounceIntensity: 1
  m_ColorTemperature: 6570
  m_UseColorTemperature: 0
  m_BoundingSphereOverride: {x: 0, y: 0, z: 0, w: 0}
  m_UseBoundingSphereOverride: 0
  m_ShadowRadius: 0
  m_ShadowAngle: 0
--- !u!4 &705507995
Transform:
  m_ObjectHideFlags: 0
  m_CorrespondingSourceObject: {fileID: 0}
  m_PrefabInstance: {fileID: 0}
  m_PrefabAsset: {fileID: 0}
  m_GameObject: {fileID: 705507993}
  m_LocalRotation: {x: 0.40821788, y: -0.23456968, z: 0.10938163, w: 0.8754261}
  m_LocalPosition: {x: 0, y: 3, z: 0}
  m_LocalScale: {x: 1, y: 1, z: 1}
  m_Children: []
  m_Father: {fileID: 0}
  m_RootOrder: 3
  m_LocalEulerAnglesHint: {x: 50, y: -30, z: 0}
--- !u!4 &708723435 stripped
Transform:
  m_CorrespondingSourceObject: {fileID: 5119133696162124252, guid: b10f8cb102217e747ad07071873945e1, type: 3}
  m_PrefabInstance: {fileID: 1865102854}
  m_PrefabAsset: {fileID: 0}
--- !u!1001 &720544104
PrefabInstance:
  m_ObjectHideFlags: 0
  serializedVersion: 2
  m_Modification:
    m_TransformParent: {fileID: 127362393}
    m_Modifications:
    - target: {fileID: 5119133696162124231, guid: b10f8cb102217e747ad07071873945e1, type: 3}
      propertyPath: m_Name
      value: Obstacle (1)
      objectReference: {fileID: 0}
    - target: {fileID: 5119133696162124252, guid: b10f8cb102217e747ad07071873945e1, type: 3}
      propertyPath: m_LocalPosition.x
      value: 1.76
      objectReference: {fileID: 0}
    - target: {fileID: 5119133696162124252, guid: b10f8cb102217e747ad07071873945e1, type: 3}
      propertyPath: m_LocalPosition.y
      value: 17.20194
      objectReference: {fileID: 0}
    - target: {fileID: 5119133696162124252, guid: b10f8cb102217e747ad07071873945e1, type: 3}
      propertyPath: m_LocalPosition.z
      value: -25.1
      objectReference: {fileID: 0}
    - target: {fileID: 5119133696162124252, guid: b10f8cb102217e747ad07071873945e1, type: 3}
      propertyPath: m_LocalRotation.x
      value: -0
      objectReference: {fileID: 0}
    - target: {fileID: 5119133696162124252, guid: b10f8cb102217e747ad07071873945e1, type: 3}
      propertyPath: m_LocalRotation.y
      value: -0
      objectReference: {fileID: 0}
    - target: {fileID: 5119133696162124252, guid: b10f8cb102217e747ad07071873945e1, type: 3}
      propertyPath: m_LocalRotation.z
      value: -0
      objectReference: {fileID: 0}
    - target: {fileID: 5119133696162124252, guid: b10f8cb102217e747ad07071873945e1, type: 3}
      propertyPath: m_LocalRotation.w
      value: 1
      objectReference: {fileID: 0}
    - target: {fileID: 5119133696162124252, guid: b10f8cb102217e747ad07071873945e1, type: 3}
      propertyPath: m_RootOrder
      value: 0
      objectReference: {fileID: 0}
    - target: {fileID: 5119133696162124252, guid: b10f8cb102217e747ad07071873945e1, type: 3}
      propertyPath: m_LocalEulerAnglesHint.x
      value: 0
      objectReference: {fileID: 0}
    - target: {fileID: 5119133696162124252, guid: b10f8cb102217e747ad07071873945e1, type: 3}
      propertyPath: m_LocalEulerAnglesHint.y
      value: 0
      objectReference: {fileID: 0}
    - target: {fileID: 5119133696162124252, guid: b10f8cb102217e747ad07071873945e1, type: 3}
      propertyPath: m_LocalEulerAnglesHint.z
      value: 0
      objectReference: {fileID: 0}
    - target: {fileID: 5119133696162124252, guid: b10f8cb102217e747ad07071873945e1, type: 3}
      propertyPath: m_LocalScale.x
      value: 3.27
      objectReference: {fileID: 0}
    - target: {fileID: 5119133696162124252, guid: b10f8cb102217e747ad07071873945e1, type: 3}
      propertyPath: m_LocalScale.y
      value: 2
      objectReference: {fileID: 0}
    - target: {fileID: 5119133696162124252, guid: b10f8cb102217e747ad07071873945e1, type: 3}
      propertyPath: m_LocalScale.z
      value: 2.32
      objectReference: {fileID: 0}
    m_RemovedComponents: []
  m_SourcePrefab: {fileID: 100100000, guid: b10f8cb102217e747ad07071873945e1, type: 3}
--- !u!4 &721015631 stripped
Transform:
  m_CorrespondingSourceObject: {fileID: 5119133696162124252, guid: b10f8cb102217e747ad07071873945e1, type: 3}
  m_PrefabInstance: {fileID: 1654343995}
  m_PrefabAsset: {fileID: 0}
--- !u!4 &748318998 stripped
Transform:
  m_CorrespondingSourceObject: {fileID: 5119133696162124252, guid: b10f8cb102217e747ad07071873945e1, type: 3}
  m_PrefabInstance: {fileID: 720544104}
  m_PrefabAsset: {fileID: 0}
--- !u!1 &814811481
GameObject:
  m_ObjectHideFlags: 0
  m_CorrespondingSourceObject: {fileID: 0}
  m_PrefabInstance: {fileID: 0}
  m_PrefabAsset: {fileID: 0}
  serializedVersion: 6
  m_Component:
  - component: {fileID: 814811483}
  - component: {fileID: 814811482}
  - component: {fileID: 814811484}
  - component: {fileID: 814811485}
  m_Layer: 0
  m_Name: GameManager
  m_TagString: Untagged
  m_Icon: {fileID: 0}
  m_NavMeshLayer: 0
  m_StaticEditorFlags: 0
  m_IsActive: 1
--- !u!114 &814811482
MonoBehaviour:
  m_ObjectHideFlags: 0
  m_CorrespondingSourceObject: {fileID: 0}
  m_PrefabInstance: {fileID: 0}
  m_PrefabAsset: {fileID: 0}
  m_GameObject: {fileID: 814811481}
  m_Enabled: 1
  m_EditorHideFlags: 0
  m_Script: {fileID: 11500000, guid: 64157ca1694cd9d4193d57c7d9ae206e, type: 3}
  m_Name: 
  m_EditorClassIdentifier: 
  levelCompleteUI: {fileID: 1178369618}
  gameOverUI: {fileID: 1880023598}
  buttonUI: {fileID: 1873900935}
--- !u!4 &814811483
Transform:
  m_ObjectHideFlags: 0
  m_CorrespondingSourceObject: {fileID: 0}
  m_PrefabInstance: {fileID: 0}
  m_PrefabAsset: {fileID: 0}
  m_GameObject: {fileID: 814811481}
  m_LocalRotation: {x: 0, y: 0, z: 0, w: 1}
  m_LocalPosition: {x: 2, y: 1, z: 79}
  m_LocalScale: {x: 1, y: 1, z: 1}
  m_Children: []
  m_Father: {fileID: 0}
  m_RootOrder: 8
  m_LocalEulerAnglesHint: {x: 0, y: 0, z: 0}
--- !u!114 &814811484
MonoBehaviour:
  m_ObjectHideFlags: 0
  m_CorrespondingSourceObject: {fileID: 0}
  m_PrefabInstance: {fileID: 0}
  m_PrefabAsset: {fileID: 0}
  m_GameObject: {fileID: 814811481}
  m_Enabled: 1
  m_EditorHideFlags: 0
  m_Script: {fileID: 11500000, guid: d966d4ff346080a4eb83e4768f500d50, type: 3}
  m_Name: 
  m_EditorClassIdentifier: 
--- !u!114 &814811485
MonoBehaviour:
  m_ObjectHideFlags: 0
  m_CorrespondingSourceObject: {fileID: 0}
  m_PrefabInstance: {fileID: 0}
  m_PrefabAsset: {fileID: 0}
  m_GameObject: {fileID: 814811481}
  m_Enabled: 1
  m_EditorHideFlags: 0
  m_Script: {fileID: 11500000, guid: 0dcf1e0a80f68d245a1948878a6326f8, type: 3}
  m_Name: 
  m_EditorClassIdentifier: 
--- !u!4 &816267002 stripped
Transform:
  m_CorrespondingSourceObject: {fileID: 5119133696162124252, guid: b10f8cb102217e747ad07071873945e1, type: 3}
  m_PrefabInstance: {fileID: 2051402636}
  m_PrefabAsset: {fileID: 0}
--- !u!1 &827394673 stripped
GameObject:
  m_CorrespondingSourceObject: {fileID: 8830202945144659182, guid: a803d50af26c06c4e80bb8032078a1e4, type: 3}
  m_PrefabInstance: {fileID: 1058506384}
  m_PrefabAsset: {fileID: 0}
--- !u!114 &827394674
MonoBehaviour:
  m_ObjectHideFlags: 0
  m_CorrespondingSourceObject: {fileID: 0}
  m_PrefabInstance: {fileID: 0}
  m_PrefabAsset: {fileID: 0}
  m_GameObject: {fileID: 827394673}
  m_Enabled: 1
  m_EditorHideFlags: 0
  m_Script: {fileID: 11500000, guid: c9a0813b2b573974982f6ded6f23d5e1, type: 3}
  m_Name: 
  m_EditorClassIdentifier: 
  forwardForce: 8000
  sidewaysForce: 120
--- !u!4 &875540025 stripped
Transform:
  m_CorrespondingSourceObject: {fileID: 5119133696162124252, guid: b10f8cb102217e747ad07071873945e1, type: 3}
  m_PrefabInstance: {fileID: 1663442327}
  m_PrefabAsset: {fileID: 0}
--- !u!4 &905047283 stripped
Transform:
  m_CorrespondingSourceObject: {fileID: 5119133696162124252, guid: b10f8cb102217e747ad07071873945e1, type: 3}
  m_PrefabInstance: {fileID: 1721259901}
  m_PrefabAsset: {fileID: 0}
--- !u!1001 &936831920
PrefabInstance:
  m_ObjectHideFlags: 0
  serializedVersion: 2
  m_Modification:
    m_TransformParent: {fileID: 127362393}
    m_Modifications:
    - target: {fileID: 5119133696162124231, guid: b10f8cb102217e747ad07071873945e1, type: 3}
      propertyPath: m_Name
      value: Obstacle (15)
      objectReference: {fileID: 0}
    - target: {fileID: 5119133696162124252, guid: b10f8cb102217e747ad07071873945e1, type: 3}
      propertyPath: m_LocalPosition.x
      value: -8.3
      objectReference: {fileID: 0}
    - target: {fileID: 5119133696162124252, guid: b10f8cb102217e747ad07071873945e1, type: 3}
      propertyPath: m_LocalPosition.y
      value: 18.20194
      objectReference: {fileID: 0}
    - target: {fileID: 5119133696162124252, guid: b10f8cb102217e747ad07071873945e1, type: 3}
      propertyPath: m_LocalPosition.z
      value: 78.9
      objectReference: {fileID: 0}
    - target: {fileID: 5119133696162124252, guid: b10f8cb102217e747ad07071873945e1, type: 3}
      propertyPath: m_LocalRotation.x
      value: -0
      objectReference: {fileID: 0}
    - target: {fileID: 5119133696162124252, guid: b10f8cb102217e747ad07071873945e1, type: 3}
      propertyPath: m_LocalRotation.y
      value: -0
      objectReference: {fileID: 0}
    - target: {fileID: 5119133696162124252, guid: b10f8cb102217e747ad07071873945e1, type: 3}
      propertyPath: m_LocalRotation.z
      value: 0.7071068
      objectReference: {fileID: 0}
    - target: {fileID: 5119133696162124252, guid: b10f8cb102217e747ad07071873945e1, type: 3}
      propertyPath: m_LocalRotation.w
      value: 0.7071068
      objectReference: {fileID: 0}
    - target: {fileID: 5119133696162124252, guid: b10f8cb102217e747ad07071873945e1, type: 3}
      propertyPath: m_RootOrder
      value: 12
      objectReference: {fileID: 0}
    - target: {fileID: 5119133696162124252, guid: b10f8cb102217e747ad07071873945e1, type: 3}
      propertyPath: m_LocalEulerAnglesHint.x
      value: 0
      objectReference: {fileID: 0}
    - target: {fileID: 5119133696162124252, guid: b10f8cb102217e747ad07071873945e1, type: 3}
      propertyPath: m_LocalEulerAnglesHint.y
      value: 0
      objectReference: {fileID: 0}
    - target: {fileID: 5119133696162124252, guid: b10f8cb102217e747ad07071873945e1, type: 3}
      propertyPath: m_LocalEulerAnglesHint.z
      value: 90
      objectReference: {fileID: 0}
    - target: {fileID: 5119133696162124252, guid: b10f8cb102217e747ad07071873945e1, type: 3}
      propertyPath: m_LocalScale.x
      value: 4
      objectReference: {fileID: 0}
    - target: {fileID: 5119133696162124252, guid: b10f8cb102217e747ad07071873945e1, type: 3}
      propertyPath: m_LocalScale.y
      value: 2
      objectReference: {fileID: 0}
    - target: {fileID: 5119133696162124252, guid: b10f8cb102217e747ad07071873945e1, type: 3}
      propertyPath: m_LocalScale.z
      value: 2.32
      objectReference: {fileID: 0}
    m_RemovedComponents: []
  m_SourcePrefab: {fileID: 100100000, guid: b10f8cb102217e747ad07071873945e1, type: 3}
--- !u!1 &963194225
GameObject:
  m_ObjectHideFlags: 0
  m_CorrespondingSourceObject: {fileID: 0}
  m_PrefabInstance: {fileID: 0}
  m_PrefabAsset: {fileID: 0}
  serializedVersion: 6
  m_Component:
  - component: {fileID: 963194228}
  - component: {fileID: 963194227}
  - component: {fileID: 963194226}
  - component: {fileID: 963194229}
  m_Layer: 0
  m_Name: Main Camera
  m_TagString: MainCamera
  m_Icon: {fileID: 0}
  m_NavMeshLayer: 0
  m_StaticEditorFlags: 0
  m_IsActive: 1
--- !u!81 &963194226
AudioListener:
  m_ObjectHideFlags: 0
  m_CorrespondingSourceObject: {fileID: 0}
  m_PrefabInstance: {fileID: 0}
  m_PrefabAsset: {fileID: 0}
  m_GameObject: {fileID: 963194225}
  m_Enabled: 1
--- !u!20 &963194227
Camera:
  m_ObjectHideFlags: 0
  m_CorrespondingSourceObject: {fileID: 0}
  m_PrefabInstance: {fileID: 0}
  m_PrefabAsset: {fileID: 0}
  m_GameObject: {fileID: 963194225}
  m_Enabled: 1
  serializedVersion: 2
  m_ClearFlags: 2
  m_BackGroundColor: {r: 0.9339623, g: 0.9339623, b: 0.9339623, a: 1}
  m_projectionMatrixMode: 1
  m_GateFitMode: 2
  m_FOVAxisMode: 0
  m_SensorSize: {x: 36, y: 24}
  m_LensShift: {x: 0, y: 0}
  m_FocalLength: 50
  m_NormalizedViewPortRect:
    serializedVersion: 2
    x: 0
    y: 0
    width: 1
    height: 1
  near clip plane: 0.3
  far clip plane: 1000
  field of view: 60
  orthographic: 0
  orthographic size: 5
  m_Depth: -1
  m_CullingMask:
    serializedVersion: 2
    m_Bits: 4294967295
  m_RenderingPath: -1
  m_TargetTexture: {fileID: 0}
  m_TargetDisplay: 0
  m_TargetEye: 3
  m_HDR: 1
  m_AllowMSAA: 1
  m_AllowDynamicResolution: 0
  m_ForceIntoRT: 0
  m_OcclusionCulling: 1
  m_StereoConvergence: 10
  m_StereoSeparation: 0.022
--- !u!4 &963194228
Transform:
  m_ObjectHideFlags: 0
  m_CorrespondingSourceObject: {fileID: 0}
  m_PrefabInstance: {fileID: 0}
  m_PrefabAsset: {fileID: 0}
  m_GameObject: {fileID: 963194225}
  m_LocalRotation: {x: 0, y: 0, z: 0, w: 1}
  m_LocalPosition: {x: 0, y: 1.93, z: -5.43}
  m_LocalScale: {x: 1, y: 1, z: 1}
  m_Children: []
  m_Father: {fileID: 0}
  m_RootOrder: 0
  m_LocalEulerAnglesHint: {x: 0, y: 0, z: 0}
--- !u!114 &963194229
MonoBehaviour:
  m_ObjectHideFlags: 0
  m_CorrespondingSourceObject: {fileID: 0}
  m_PrefabInstance: {fileID: 0}
  m_PrefabAsset: {fileID: 0}
  m_GameObject: {fileID: 963194225}
  m_Enabled: 1
  m_EditorHideFlags: 0
  m_Script: {fileID: 11500000, guid: 9b8b29f8c695f9042995487927a592c1, type: 3}
  m_Name: 
  m_EditorClassIdentifier: 
  cameraOffset: {x: 0, y: 1, z: -5}
--- !u!4 &969158792 stripped
Transform:
  m_CorrespondingSourceObject: {fileID: 5119133696162124252, guid: b10f8cb102217e747ad07071873945e1, type: 3}
  m_PrefabInstance: {fileID: 1935905806}
  m_PrefabAsset: {fileID: 0}
--- !u!4 &994378068 stripped
Transform:
  m_CorrespondingSourceObject: {fileID: 8830202945144659170, guid: a803d50af26c06c4e80bb8032078a1e4, type: 3}
  m_PrefabInstance: {fileID: 1058506384}
  m_PrefabAsset: {fileID: 0}
--- !u!1001 &1058506384
PrefabInstance:
  m_ObjectHideFlags: 0
  serializedVersion: 2
  m_Modification:
    m_TransformParent: {fileID: 0}
    m_Modifications:
    - target: {fileID: 8830202945144659170, guid: a803d50af26c06c4e80bb8032078a1e4, type: 3}
      propertyPath: m_LocalPosition.x
      value: 0
      objectReference: {fileID: 0}
    - target: {fileID: 8830202945144659170, guid: a803d50af26c06c4e80bb8032078a1e4, type: 3}
      propertyPath: m_LocalPosition.y
      value: 1
      objectReference: {fileID: 0}
    - target: {fileID: 8830202945144659170, guid: a803d50af26c06c4e80bb8032078a1e4, type: 3}
      propertyPath: m_LocalPosition.z
      value: -0.6236724
      objectReference: {fileID: 0}
    - target: {fileID: 8830202945144659170, guid: a803d50af26c06c4e80bb8032078a1e4, type: 3}
      propertyPath: m_LocalRotation.x
      value: 0
      objectReference: {fileID: 0}
    - target: {fileID: 8830202945144659170, guid: a803d50af26c06c4e80bb8032078a1e4, type: 3}
      propertyPath: m_LocalRotation.y
      value: 0
      objectReference: {fileID: 0}
    - target: {fileID: 8830202945144659170, guid: a803d50af26c06c4e80bb8032078a1e4, type: 3}
      propertyPath: m_LocalRotation.z
      value: 0
      objectReference: {fileID: 0}
    - target: {fileID: 8830202945144659170, guid: a803d50af26c06c4e80bb8032078a1e4, type: 3}
      propertyPath: m_LocalRotation.w
      value: 1
      objectReference: {fileID: 0}
    - target: {fileID: 8830202945144659170, guid: a803d50af26c06c4e80bb8032078a1e4, type: 3}
      propertyPath: m_RootOrder
      value: 2
      objectReference: {fileID: 0}
    - target: {fileID: 8830202945144659170, guid: a803d50af26c06c4e80bb8032078a1e4, type: 3}
      propertyPath: m_LocalEulerAnglesHint.x
      value: 0
      objectReference: {fileID: 0}
    - target: {fileID: 8830202945144659170, guid: a803d50af26c06c4e80bb8032078a1e4, type: 3}
      propertyPath: m_LocalEulerAnglesHint.y
      value: 0
      objectReference: {fileID: 0}
    - target: {fileID: 8830202945144659170, guid: a803d50af26c06c4e80bb8032078a1e4, type: 3}
      propertyPath: m_LocalEulerAnglesHint.z
      value: 0
      objectReference: {fileID: 0}
    - target: {fileID: 8830202945144659172, guid: a803d50af26c06c4e80bb8032078a1e4, type: 3}
      propertyPath: gameOver
      value: 
      objectReference: {fileID: 814811482}
    - target: {fileID: 8830202945144659182, guid: a803d50af26c06c4e80bb8032078a1e4, type: 3}
      propertyPath: m_Name
      value: Player
      objectReference: {fileID: 0}
    m_RemovedComponents:
    - {fileID: 8830202945144659172, guid: a803d50af26c06c4e80bb8032078a1e4, type: 3}
  m_SourcePrefab: {fileID: 100100000, guid: a803d50af26c06c4e80bb8032078a1e4, type: 3}
--- !u!1001 &1103572129
PrefabInstance:
  m_ObjectHideFlags: 0
  serializedVersion: 2
  m_Modification:
    m_TransformParent: {fileID: 0}
    m_Modifications:
    - target: {fileID: 5119133696162124231, guid: b10f8cb102217e747ad07071873945e1, type: 3}
      propertyPath: m_Name
      value: Obstacle
      objectReference: {fileID: 0}
    - target: {fileID: 5119133696162124252, guid: b10f8cb102217e747ad07071873945e1, type: 3}
      propertyPath: m_LocalPosition.x
      value: 0.7
      objectReference: {fileID: 0}
    - target: {fileID: 5119133696162124252, guid: b10f8cb102217e747ad07071873945e1, type: 3}
      propertyPath: m_LocalPosition.y
      value: 1.5
      objectReference: {fileID: 0}
    - target: {fileID: 5119133696162124252, guid: b10f8cb102217e747ad07071873945e1, type: 3}
      propertyPath: m_LocalPosition.z
      value: 50.6
      objectReference: {fileID: 0}
    - target: {fileID: 5119133696162124252, guid: b10f8cb102217e747ad07071873945e1, type: 3}
      propertyPath: m_LocalRotation.x
      value: 0
      objectReference: {fileID: 0}
    - target: {fileID: 5119133696162124252, guid: b10f8cb102217e747ad07071873945e1, type: 3}
      propertyPath: m_LocalRotation.y
      value: 0
      objectReference: {fileID: 0}
    - target: {fileID: 5119133696162124252, guid: b10f8cb102217e747ad07071873945e1, type: 3}
      propertyPath: m_LocalRotation.z
      value: 0
      objectReference: {fileID: 0}
    - target: {fileID: 5119133696162124252, guid: b10f8cb102217e747ad07071873945e1, type: 3}
      propertyPath: m_LocalRotation.w
      value: 1
      objectReference: {fileID: 0}
    - target: {fileID: 5119133696162124252, guid: b10f8cb102217e747ad07071873945e1, type: 3}
      propertyPath: m_RootOrder
      value: 1
      objectReference: {fileID: 0}
    - target: {fileID: 5119133696162124252, guid: b10f8cb102217e747ad07071873945e1, type: 3}
      propertyPath: m_LocalEulerAnglesHint.x
      value: 0
      objectReference: {fileID: 0}
    - target: {fileID: 5119133696162124252, guid: b10f8cb102217e747ad07071873945e1, type: 3}
      propertyPath: m_LocalEulerAnglesHint.y
      value: 0
      objectReference: {fileID: 0}
    - target: {fileID: 5119133696162124252, guid: b10f8cb102217e747ad07071873945e1, type: 3}
      propertyPath: m_LocalEulerAnglesHint.z
      value: 0
      objectReference: {fileID: 0}
    - target: {fileID: 5119133696162124252, guid: b10f8cb102217e747ad07071873945e1, type: 3}
      propertyPath: m_LocalScale.x
      value: 3.27
      objectReference: {fileID: 0}
    - target: {fileID: 5119133696162124252, guid: b10f8cb102217e747ad07071873945e1, type: 3}
      propertyPath: m_LocalScale.y
      value: 2
      objectReference: {fileID: 0}
    - target: {fileID: 5119133696162124252, guid: b10f8cb102217e747ad07071873945e1, type: 3}
      propertyPath: m_LocalScale.z
      value: 2.32
      objectReference: {fileID: 0}
    m_RemovedComponents: []
  m_SourcePrefab: {fileID: 100100000, guid: b10f8cb102217e747ad07071873945e1, type: 3}
--- !u!4 &1106959281 stripped
Transform:
  m_CorrespondingSourceObject: {fileID: 5119133696162124252, guid: b10f8cb102217e747ad07071873945e1, type: 3}
  m_PrefabInstance: {fileID: 1909324644}
  m_PrefabAsset: {fileID: 0}
--- !u!1 &1178369618 stripped
GameObject:
  m_CorrespondingSourceObject: {fileID: 7976473529144530991, guid: 3835751ac9fdf9c40b6605f3a13dcbfe, type: 3}
  m_PrefabInstance: {fileID: 7976473528168556157}
  m_PrefabAsset: {fileID: 0}
--- !u!4 &1219241997 stripped
Transform:
  m_CorrespondingSourceObject: {fileID: 5119133696162124252, guid: b10f8cb102217e747ad07071873945e1, type: 3}
  m_PrefabInstance: {fileID: 2030892321}
  m_PrefabAsset: {fileID: 0}
--- !u!4 &1487003418 stripped
Transform:
  m_CorrespondingSourceObject: {fileID: 5119133696162124252, guid: b10f8cb102217e747ad07071873945e1, type: 3}
  m_PrefabInstance: {fileID: 1616864835}
  m_PrefabAsset: {fileID: 0}
--- !u!850595691 &1531242601
LightingSettings:
  m_ObjectHideFlags: 0
  m_CorrespondingSourceObject: {fileID: 0}
  m_PrefabInstance: {fileID: 0}
  m_PrefabAsset: {fileID: 0}
  m_Name: Settings.lighting
  serializedVersion: 2
  m_GIWorkflowMode: 1
  m_EnableBakedLightmaps: 1
  m_EnableRealtimeLightmaps: 0
  m_RealtimeEnvironmentLighting: 1
  m_BounceScale: 1
  m_AlbedoBoost: 1
  m_IndirectOutputScale: 1
  m_UsingShadowmask: 1
  m_BakeBackend: 1
  m_LightmapMaxSize: 1024
  m_BakeResolution: 40
  m_Padding: 2
  m_TextureCompression: 1
  m_AO: 0
  m_AOMaxDistance: 1
  m_CompAOExponent: 1
  m_CompAOExponentDirect: 0
  m_ExtractAO: 0
  m_MixedBakeMode: 2
  m_LightmapsBakeMode: 1
  m_FilterMode: 1
  m_LightmapParameters: {fileID: 0}
  m_ExportTrainingData: 0
  m_TrainingDataDestination: TrainingData
  m_RealtimeResolution: 2
  m_ForceWhiteAlbedo: 0
  m_ForceUpdates: 0
  m_FinalGather: 0
  m_FinalGatherRayCount: 256
  m_FinalGatherFiltering: 1
  m_PVRCulling: 1
  m_PVRSampling: 1
  m_PVRDirectSampleCount: 32
  m_PVRSampleCount: 500
  m_PVREnvironmentSampleCount: 500
  m_PVREnvironmentReferencePointCount: 2048
  m_LightProbeSampleCountMultiplier: 4
  m_PVRBounces: 2
  m_PVRRussianRouletteStartBounce: 2
  m_PVREnvironmentMIS: 0
  m_PVRFilteringMode: 2
  m_PVRDenoiserTypeDirect: 0
  m_PVRDenoiserTypeIndirect: 0
  m_PVRDenoiserTypeAO: 0
  m_PVRFilterTypeDirect: 0
  m_PVRFilterTypeIndirect: 0
  m_PVRFilterTypeAO: 0
  m_PVRFilteringGaussRadiusDirect: 1
  m_PVRFilteringGaussRadiusIndirect: 5
  m_PVRFilteringGaussRadiusAO: 2
  m_PVRFilteringAtrousPositionSigmaDirect: 0.5
  m_PVRFilteringAtrousPositionSigmaIndirect: 2
  m_PVRFilteringAtrousPositionSigmaAO: 1
--- !u!1001 &1582876627
PrefabInstance:
  m_ObjectHideFlags: 0
  serializedVersion: 2
  m_Modification:
    m_TransformParent: {fileID: 127362393}
    m_Modifications:
    - target: {fileID: 5119133696162124231, guid: b10f8cb102217e747ad07071873945e1, type: 3}
      propertyPath: m_Name
      value: Obstacle (9)
      objectReference: {fileID: 0}
    - target: {fileID: 5119133696162124252, guid: b10f8cb102217e747ad07071873945e1, type: 3}
      propertyPath: m_LocalPosition.x
      value: -7.1
      objectReference: {fileID: 0}
    - target: {fileID: 5119133696162124252, guid: b10f8cb102217e747ad07071873945e1, type: 3}
      propertyPath: m_LocalPosition.y
      value: 17.20194
      objectReference: {fileID: 0}
    - target: {fileID: 5119133696162124252, guid: b10f8cb102217e747ad07071873945e1, type: 3}
      propertyPath: m_LocalPosition.z
      value: 154.5
      objectReference: {fileID: 0}
    - target: {fileID: 5119133696162124252, guid: b10f8cb102217e747ad07071873945e1, type: 3}
      propertyPath: m_LocalRotation.x
      value: -0
      objectReference: {fileID: 0}
    - target: {fileID: 5119133696162124252, guid: b10f8cb102217e747ad07071873945e1, type: 3}
      propertyPath: m_LocalRotation.y
      value: -0
      objectReference: {fileID: 0}
    - target: {fileID: 5119133696162124252, guid: b10f8cb102217e747ad07071873945e1, type: 3}
      propertyPath: m_LocalRotation.z
      value: -0
      objectReference: {fileID: 0}
    - target: {fileID: 5119133696162124252, guid: b10f8cb102217e747ad07071873945e1, type: 3}
      propertyPath: m_LocalRotation.w
      value: 1
      objectReference: {fileID: 0}
    - target: {fileID: 5119133696162124252, guid: b10f8cb102217e747ad07071873945e1, type: 3}
      propertyPath: m_RootOrder
      value: 6
      objectReference: {fileID: 0}
    - target: {fileID: 5119133696162124252, guid: b10f8cb102217e747ad07071873945e1, type: 3}
      propertyPath: m_LocalEulerAnglesHint.x
      value: 0
      objectReference: {fileID: 0}
    - target: {fileID: 5119133696162124252, guid: b10f8cb102217e747ad07071873945e1, type: 3}
      propertyPath: m_LocalEulerAnglesHint.y
      value: 0
      objectReference: {fileID: 0}
    - target: {fileID: 5119133696162124252, guid: b10f8cb102217e747ad07071873945e1, type: 3}
      propertyPath: m_LocalEulerAnglesHint.z
      value: 0
      objectReference: {fileID: 0}
    - target: {fileID: 5119133696162124252, guid: b10f8cb102217e747ad07071873945e1, type: 3}
      propertyPath: m_LocalScale.x
      value: 8
      objectReference: {fileID: 0}
    - target: {fileID: 5119133696162124252, guid: b10f8cb102217e747ad07071873945e1, type: 3}
      propertyPath: m_LocalScale.y
      value: 2
      objectReference: {fileID: 0}
    - target: {fileID: 5119133696162124252, guid: b10f8cb102217e747ad07071873945e1, type: 3}
      propertyPath: m_LocalScale.z
      value: 2.32
      objectReference: {fileID: 0}
    m_RemovedComponents: []
  m_SourcePrefab: {fileID: 100100000, guid: b10f8cb102217e747ad07071873945e1, type: 3}
--- !u!1001 &1584436304
PrefabInstance:
  m_ObjectHideFlags: 0
  serializedVersion: 2
  m_Modification:
    m_TransformParent: {fileID: 127362393}
    m_Modifications:
    - target: {fileID: 5119133696162124231, guid: b10f8cb102217e747ad07071873945e1, type: 3}
      propertyPath: m_Name
      value: Obstacle (13)
      objectReference: {fileID: 0}
    - target: {fileID: 5119133696162124252, guid: b10f8cb102217e747ad07071873945e1, type: 3}
      propertyPath: m_LocalPosition.x
      value: 2.44
      objectReference: {fileID: 0}
    - target: {fileID: 5119133696162124252, guid: b10f8cb102217e747ad07071873945e1, type: 3}
      propertyPath: m_LocalPosition.y
      value: 18.20194
      objectReference: {fileID: 0}
    - target: {fileID: 5119133696162124252, guid: b10f8cb102217e747ad07071873945e1, type: 3}
      propertyPath: m_LocalPosition.z
      value: 128.3
      objectReference: {fileID: 0}
    - target: {fileID: 5119133696162124252, guid: b10f8cb102217e747ad07071873945e1, type: 3}
      propertyPath: m_LocalRotation.x
      value: -0
      objectReference: {fileID: 0}
    - target: {fileID: 5119133696162124252, guid: b10f8cb102217e747ad07071873945e1, type: 3}
      propertyPath: m_LocalRotation.y
      value: -0
      objectReference: {fileID: 0}
    - target: {fileID: 5119133696162124252, guid: b10f8cb102217e747ad07071873945e1, type: 3}
      propertyPath: m_LocalRotation.z
      value: 0.7071068
      objectReference: {fileID: 0}
    - target: {fileID: 5119133696162124252, guid: b10f8cb102217e747ad07071873945e1, type: 3}
      propertyPath: m_LocalRotation.w
      value: 0.7071068
      objectReference: {fileID: 0}
    - target: {fileID: 5119133696162124252, guid: b10f8cb102217e747ad07071873945e1, type: 3}
      propertyPath: m_RootOrder
      value: 10
      objectReference: {fileID: 0}
    - target: {fileID: 5119133696162124252, guid: b10f8cb102217e747ad07071873945e1, type: 3}
      propertyPath: m_LocalEulerAnglesHint.x
      value: 0
      objectReference: {fileID: 0}
    - target: {fileID: 5119133696162124252, guid: b10f8cb102217e747ad07071873945e1, type: 3}
      propertyPath: m_LocalEulerAnglesHint.y
      value: 0
      objectReference: {fileID: 0}
    - target: {fileID: 5119133696162124252, guid: b10f8cb102217e747ad07071873945e1, type: 3}
      propertyPath: m_LocalEulerAnglesHint.z
      value: 90
      objectReference: {fileID: 0}
    - target: {fileID: 5119133696162124252, guid: b10f8cb102217e747ad07071873945e1, type: 3}
      propertyPath: m_LocalScale.x
      value: 4
      objectReference: {fileID: 0}
    - target: {fileID: 5119133696162124252, guid: b10f8cb102217e747ad07071873945e1, type: 3}
      propertyPath: m_LocalScale.y
      value: 2
      objectReference: {fileID: 0}
    - target: {fileID: 5119133696162124252, guid: b10f8cb102217e747ad07071873945e1, type: 3}
      propertyPath: m_LocalScale.z
      value: 2.32
      objectReference: {fileID: 0}
    m_RemovedComponents: []
  m_SourcePrefab: {fileID: 100100000, guid: b10f8cb102217e747ad07071873945e1, type: 3}
--- !u!1001 &1616864835
PrefabInstance:
  m_ObjectHideFlags: 0
  serializedVersion: 2
  m_Modification:
    m_TransformParent: {fileID: 127362393}
    m_Modifications:
    - target: {fileID: 5119133696162124231, guid: b10f8cb102217e747ad07071873945e1, type: 3}
      propertyPath: m_Name
      value: Obstacle (11)
      objectReference: {fileID: 0}
    - target: {fileID: 5119133696162124252, guid: b10f8cb102217e747ad07071873945e1, type: 3}
      propertyPath: m_LocalPosition.x
      value: 0.3
      objectReference: {fileID: 0}
    - target: {fileID: 5119133696162124252, guid: b10f8cb102217e747ad07071873945e1, type: 3}
      propertyPath: m_LocalPosition.y
      value: 17.20194
      objectReference: {fileID: 0}
    - target: {fileID: 5119133696162124252, guid: b10f8cb102217e747ad07071873945e1, type: 3}
      propertyPath: m_LocalPosition.z
      value: 176.06
      objectReference: {fileID: 0}
    - target: {fileID: 5119133696162124252, guid: b10f8cb102217e747ad07071873945e1, type: 3}
      propertyPath: m_LocalRotation.x
      value: -0
      objectReference: {fileID: 0}
    - target: {fileID: 5119133696162124252, guid: b10f8cb102217e747ad07071873945e1, type: 3}
      propertyPath: m_LocalRotation.y
      value: -0
      objectReference: {fileID: 0}
    - target: {fileID: 5119133696162124252, guid: b10f8cb102217e747ad07071873945e1, type: 3}
      propertyPath: m_LocalRotation.z
      value: -0
      objectReference: {fileID: 0}
    - target: {fileID: 5119133696162124252, guid: b10f8cb102217e747ad07071873945e1, type: 3}
      propertyPath: m_LocalRotation.w
      value: 1
      objectReference: {fileID: 0}
    - target: {fileID: 5119133696162124252, guid: b10f8cb102217e747ad07071873945e1, type: 3}
      propertyPath: m_RootOrder
      value: 8
      objectReference: {fileID: 0}
    - target: {fileID: 5119133696162124252, guid: b10f8cb102217e747ad07071873945e1, type: 3}
      propertyPath: m_LocalEulerAnglesHint.x
      value: 0
      objectReference: {fileID: 0}
    - target: {fileID: 5119133696162124252, guid: b10f8cb102217e747ad07071873945e1, type: 3}
      propertyPath: m_LocalEulerAnglesHint.y
      value: 0
      objectReference: {fileID: 0}
    - target: {fileID: 5119133696162124252, guid: b10f8cb102217e747ad07071873945e1, type: 3}
      propertyPath: m_LocalEulerAnglesHint.z
      value: 0
      objectReference: {fileID: 0}
    - target: {fileID: 5119133696162124252, guid: b10f8cb102217e747ad07071873945e1, type: 3}
      propertyPath: m_LocalScale.x
      value: 6
      objectReference: {fileID: 0}
    - target: {fileID: 5119133696162124252, guid: b10f8cb102217e747ad07071873945e1, type: 3}
      propertyPath: m_LocalScale.y
      value: 2
      objectReference: {fileID: 0}
    - target: {fileID: 5119133696162124252, guid: b10f8cb102217e747ad07071873945e1, type: 3}
      propertyPath: m_LocalScale.z
      value: 2.32
      objectReference: {fileID: 0}
    m_RemovedComponents: []
  m_SourcePrefab: {fileID: 100100000, guid: b10f8cb102217e747ad07071873945e1, type: 3}
--- !u!1001 &1654343995
PrefabInstance:
  m_ObjectHideFlags: 0
  serializedVersion: 2
  m_Modification:
    m_TransformParent: {fileID: 127362393}
    m_Modifications:
    - target: {fileID: 5119133696162124231, guid: b10f8cb102217e747ad07071873945e1, type: 3}
      propertyPath: m_Name
      value: Obstacle (4)
      objectReference: {fileID: 0}
    - target: {fileID: 5119133696162124252, guid: b10f8cb102217e747ad07071873945e1, type: 3}
      propertyPath: m_LocalPosition.x
      value: 2.44
      objectReference: {fileID: 0}
    - target: {fileID: 5119133696162124252, guid: b10f8cb102217e747ad07071873945e1, type: 3}
      propertyPath: m_LocalPosition.y
      value: 18.20194
      objectReference: {fileID: 0}
    - target: {fileID: 5119133696162124252, guid: b10f8cb102217e747ad07071873945e1, type: 3}
      propertyPath: m_LocalPosition.z
      value: 35.3
      objectReference: {fileID: 0}
    - target: {fileID: 5119133696162124252, guid: b10f8cb102217e747ad07071873945e1, type: 3}
      propertyPath: m_LocalRotation.x
      value: -0
      objectReference: {fileID: 0}
    - target: {fileID: 5119133696162124252, guid: b10f8cb102217e747ad07071873945e1, type: 3}
      propertyPath: m_LocalRotation.y
      value: -0
      objectReference: {fileID: 0}
    - target: {fileID: 5119133696162124252, guid: b10f8cb102217e747ad07071873945e1, type: 3}
      propertyPath: m_LocalRotation.z
      value: 0.7071068
      objectReference: {fileID: 0}
    - target: {fileID: 5119133696162124252, guid: b10f8cb102217e747ad07071873945e1, type: 3}
      propertyPath: m_LocalRotation.w
      value: 0.7071068
      objectReference: {fileID: 0}
    - target: {fileID: 5119133696162124252, guid: b10f8cb102217e747ad07071873945e1, type: 3}
      propertyPath: m_RootOrder
      value: 3
      objectReference: {fileID: 0}
    - target: {fileID: 5119133696162124252, guid: b10f8cb102217e747ad07071873945e1, type: 3}
      propertyPath: m_LocalEulerAnglesHint.x
      value: 0
      objectReference: {fileID: 0}
    - target: {fileID: 5119133696162124252, guid: b10f8cb102217e747ad07071873945e1, type: 3}
      propertyPath: m_LocalEulerAnglesHint.y
      value: 0
      objectReference: {fileID: 0}
    - target: {fileID: 5119133696162124252, guid: b10f8cb102217e747ad07071873945e1, type: 3}
      propertyPath: m_LocalEulerAnglesHint.z
      value: 90
      objectReference: {fileID: 0}
    - target: {fileID: 5119133696162124252, guid: b10f8cb102217e747ad07071873945e1, type: 3}
      propertyPath: m_LocalScale.x
      value: 4
      objectReference: {fileID: 0}
    - target: {fileID: 5119133696162124252, guid: b10f8cb102217e747ad07071873945e1, type: 3}
      propertyPath: m_LocalScale.y
      value: 2
      objectReference: {fileID: 0}
    - target: {fileID: 5119133696162124252, guid: b10f8cb102217e747ad07071873945e1, type: 3}
      propertyPath: m_LocalScale.z
      value: 2.32
      objectReference: {fileID: 0}
    m_RemovedComponents: []
  m_SourcePrefab: {fileID: 100100000, guid: b10f8cb102217e747ad07071873945e1, type: 3}
--- !u!4 &1657922793 stripped
Transform:
  m_CorrespondingSourceObject: {fileID: 5119133696162124252, guid: b10f8cb102217e747ad07071873945e1, type: 3}
  m_PrefabInstance: {fileID: 419480127}
  m_PrefabAsset: {fileID: 0}
--- !u!1001 &1663442327
PrefabInstance:
  m_ObjectHideFlags: 0
  serializedVersion: 2
  m_Modification:
    m_TransformParent: {fileID: 127362393}
    m_Modifications:
    - target: {fileID: 5119133696162124231, guid: b10f8cb102217e747ad07071873945e1, type: 3}
      propertyPath: m_Name
      value: Obstacle (14)
      objectReference: {fileID: 0}
    - target: {fileID: 5119133696162124252, guid: b10f8cb102217e747ad07071873945e1, type: 3}
      propertyPath: m_LocalPosition.x
      value: -4.5
      objectReference: {fileID: 0}
    - target: {fileID: 5119133696162124252, guid: b10f8cb102217e747ad07071873945e1, type: 3}
      propertyPath: m_LocalPosition.y
      value: 18.20194
      objectReference: {fileID: 0}
    - target: {fileID: 5119133696162124252, guid: b10f8cb102217e747ad07071873945e1, type: 3}
      propertyPath: m_LocalPosition.z
      value: 128.3
      objectReference: {fileID: 0}
    - target: {fileID: 5119133696162124252, guid: b10f8cb102217e747ad07071873945e1, type: 3}
      propertyPath: m_LocalRotation.x
      value: -0
      objectReference: {fileID: 0}
    - target: {fileID: 5119133696162124252, guid: b10f8cb102217e747ad07071873945e1, type: 3}
      propertyPath: m_LocalRotation.y
      value: -0
      objectReference: {fileID: 0}
    - target: {fileID: 5119133696162124252, guid: b10f8cb102217e747ad07071873945e1, type: 3}
      propertyPath: m_LocalRotation.z
      value: 0.7071068
      objectReference: {fileID: 0}
    - target: {fileID: 5119133696162124252, guid: b10f8cb102217e747ad07071873945e1, type: 3}
      propertyPath: m_LocalRotation.w
      value: 0.7071068
      objectReference: {fileID: 0}
    - target: {fileID: 5119133696162124252, guid: b10f8cb102217e747ad07071873945e1, type: 3}
      propertyPath: m_RootOrder
      value: 11
      objectReference: {fileID: 0}
    - target: {fileID: 5119133696162124252, guid: b10f8cb102217e747ad07071873945e1, type: 3}
      propertyPath: m_LocalEulerAnglesHint.x
      value: 0
      objectReference: {fileID: 0}
    - target: {fileID: 5119133696162124252, guid: b10f8cb102217e747ad07071873945e1, type: 3}
      propertyPath: m_LocalEulerAnglesHint.y
      value: 0
      objectReference: {fileID: 0}
    - target: {fileID: 5119133696162124252, guid: b10f8cb102217e747ad07071873945e1, type: 3}
      propertyPath: m_LocalEulerAnglesHint.z
      value: 90
      objectReference: {fileID: 0}
    - target: {fileID: 5119133696162124252, guid: b10f8cb102217e747ad07071873945e1, type: 3}
      propertyPath: m_LocalScale.x
      value: 4
      objectReference: {fileID: 0}
    - target: {fileID: 5119133696162124252, guid: b10f8cb102217e747ad07071873945e1, type: 3}
      propertyPath: m_LocalScale.y
      value: 2
      objectReference: {fileID: 0}
    - target: {fileID: 5119133696162124252, guid: b10f8cb102217e747ad07071873945e1, type: 3}
      propertyPath: m_LocalScale.z
      value: 2.32
      objectReference: {fileID: 0}
    m_RemovedComponents: []
  m_SourcePrefab: {fileID: 100100000, guid: b10f8cb102217e747ad07071873945e1, type: 3}
--- !u!1 &1719371051
GameObject:
  m_ObjectHideFlags: 0
  m_CorrespondingSourceObject: {fileID: 0}
  m_PrefabInstance: {fileID: 0}
  m_PrefabAsset: {fileID: 0}
  serializedVersion: 6
  m_Component:
  - component: {fileID: 1719371055}
  - component: {fileID: 1719371054}
  - component: {fileID: 1719371053}
  - component: {fileID: 1719371052}
  m_Layer: 8
  m_Name: Ground
  m_TagString: Untagged
  m_Icon: {fileID: 0}
  m_NavMeshLayer: 0
  m_StaticEditorFlags: 0
  m_IsActive: 1
--- !u!65 &1719371052
BoxCollider:
  m_ObjectHideFlags: 0
  m_CorrespondingSourceObject: {fileID: 0}
  m_PrefabInstance: {fileID: 0}
  m_PrefabAsset: {fileID: 0}
  m_GameObject: {fileID: 1719371051}
  m_Material: {fileID: 13400000, guid: 3e08b98529514bc47a8718ccde30bb2b, type: 2}
  m_IsTrigger: 0
  m_Enabled: 1
  serializedVersion: 2
  m_Size: {x: 1, y: 1, z: 1}
  m_Center: {x: 0, y: 0, z: 0}
--- !u!23 &1719371053
MeshRenderer:
  m_ObjectHideFlags: 0
  m_CorrespondingSourceObject: {fileID: 0}
  m_PrefabInstance: {fileID: 0}
  m_PrefabAsset: {fileID: 0}
  m_GameObject: {fileID: 1719371051}
  m_Enabled: 1
  m_CastShadows: 1
  m_ReceiveShadows: 1
  m_DynamicOccludee: 1
  m_MotionVectors: 1
  m_LightProbeUsage: 1
  m_ReflectionProbeUsage: 1
  m_RayTracingMode: 2
  m_RayTraceProcedural: 0
  m_RenderingLayerMask: 1
  m_RendererPriority: 0
  m_Materials:
  - {fileID: 10303, guid: 0000000000000000f000000000000000, type: 0}
  m_StaticBatchInfo:
    firstSubMesh: 0
    subMeshCount: 0
  m_StaticBatchRoot: {fileID: 0}
  m_ProbeAnchor: {fileID: 0}
  m_LightProbeVolumeOverride: {fileID: 0}
  m_ScaleInLightmap: 1
  m_ReceiveGI: 1
  m_PreserveUVs: 0
  m_IgnoreNormalsForChartDetection: 0
  m_ImportantGI: 0
  m_StitchLightmapSeams: 1
  m_SelectedEditorRenderState: 3
  m_MinimumChartSize: 4
  m_AutoUVMaxDistance: 0.5
  m_AutoUVMaxAngle: 89
  m_LightmapParameters: {fileID: 0}
  m_SortingLayerID: 0
  m_SortingLayer: 0
  m_SortingOrder: 0
  m_AdditionalVertexStreams: {fileID: 0}
--- !u!33 &1719371054
MeshFilter:
  m_ObjectHideFlags: 0
  m_CorrespondingSourceObject: {fileID: 0}
  m_PrefabInstance: {fileID: 0}
  m_PrefabAsset: {fileID: 0}
  m_GameObject: {fileID: 1719371051}
  m_Mesh: {fileID: 10202, guid: 0000000000000000e000000000000000, type: 0}
--- !u!4 &1719371055
Transform:
  m_ObjectHideFlags: 0
  m_CorrespondingSourceObject: {fileID: 0}
  m_PrefabInstance: {fileID: 0}
  m_PrefabAsset: {fileID: 0}
  m_GameObject: {fileID: 1719371051}
  m_LocalRotation: {x: 0, y: 0, z: 0, w: 1}
  m_LocalPosition: {x: 0, y: 0, z: 4980}
  m_LocalScale: {x: 15, y: 1, z: 10000}
  m_Children: []
  m_Father: {fileID: 0}
  m_RootOrder: 4
  m_LocalEulerAnglesHint: {x: 0, y: 0, z: 0}
--- !u!1001 &1721259901
PrefabInstance:
  m_ObjectHideFlags: 0
  serializedVersion: 2
  m_Modification:
    m_TransformParent: {fileID: 127362393}
    m_Modifications:
    - target: {fileID: 5119133696162124231, guid: b10f8cb102217e747ad07071873945e1, type: 3}
      propertyPath: m_Name
      value: Obstacle (17)
      objectReference: {fileID: 0}
    - target: {fileID: 5119133696162124252, guid: b10f8cb102217e747ad07071873945e1, type: 3}
      propertyPath: m_LocalPosition.x
      value: -0
      objectReference: {fileID: 0}
    - target: {fileID: 5119133696162124252, guid: b10f8cb102217e747ad07071873945e1, type: 3}
      propertyPath: m_LocalPosition.y
      value: 17.20194
      objectReference: {fileID: 0}
    - target: {fileID: 5119133696162124252, guid: b10f8cb102217e747ad07071873945e1, type: 3}
      propertyPath: m_LocalPosition.z
      value: 269.4
      objectReference: {fileID: 0}
    - target: {fileID: 5119133696162124252, guid: b10f8cb102217e747ad07071873945e1, type: 3}
      propertyPath: m_LocalRotation.x
      value: -0
      objectReference: {fileID: 0}
    - target: {fileID: 5119133696162124252, guid: b10f8cb102217e747ad07071873945e1, type: 3}
      propertyPath: m_LocalRotation.y
      value: -0
      objectReference: {fileID: 0}
    - target: {fileID: 5119133696162124252, guid: b10f8cb102217e747ad07071873945e1, type: 3}
      propertyPath: m_LocalRotation.z
      value: -0
      objectReference: {fileID: 0}
    - target: {fileID: 5119133696162124252, guid: b10f8cb102217e747ad07071873945e1, type: 3}
      propertyPath: m_LocalRotation.w
      value: 1
      objectReference: {fileID: 0}
    - target: {fileID: 5119133696162124252, guid: b10f8cb102217e747ad07071873945e1, type: 3}
      propertyPath: m_RootOrder
      value: 15
      objectReference: {fileID: 0}
    - target: {fileID: 5119133696162124252, guid: b10f8cb102217e747ad07071873945e1, type: 3}
      propertyPath: m_LocalEulerAnglesHint.x
      value: 0
      objectReference: {fileID: 0}
    - target: {fileID: 5119133696162124252, guid: b10f8cb102217e747ad07071873945e1, type: 3}
      propertyPath: m_LocalEulerAnglesHint.y
      value: 0
      objectReference: {fileID: 0}
    - target: {fileID: 5119133696162124252, guid: b10f8cb102217e747ad07071873945e1, type: 3}
      propertyPath: m_LocalEulerAnglesHint.z
      value: 0
      objectReference: {fileID: 0}
    - target: {fileID: 5119133696162124252, guid: b10f8cb102217e747ad07071873945e1, type: 3}
      propertyPath: m_LocalScale.x
      value: 6
      objectReference: {fileID: 0}
    - target: {fileID: 5119133696162124252, guid: b10f8cb102217e747ad07071873945e1, type: 3}
      propertyPath: m_LocalScale.y
      value: 2
      objectReference: {fileID: 0}
    - target: {fileID: 5119133696162124252, guid: b10f8cb102217e747ad07071873945e1, type: 3}
      propertyPath: m_LocalScale.z
      value: 2.32
      objectReference: {fileID: 0}
    m_RemovedComponents: []
  m_SourcePrefab: {fileID: 100100000, guid: b10f8cb102217e747ad07071873945e1, type: 3}
--- !u!1001 &1728714530
PrefabInstance:
  m_ObjectHideFlags: 0
  serializedVersion: 2
  m_Modification:
    m_TransformParent: {fileID: 127362393}
    m_Modifications:
    - target: {fileID: 5119133696162124231, guid: b10f8cb102217e747ad07071873945e1, type: 3}
      propertyPath: m_Name
      value: Obstacle (10)
      objectReference: {fileID: 0}
    - target: {fileID: 5119133696162124252, guid: b10f8cb102217e747ad07071873945e1, type: 3}
      propertyPath: m_LocalPosition.x
      value: -6.5
      objectReference: {fileID: 0}
    - target: {fileID: 5119133696162124252, guid: b10f8cb102217e747ad07071873945e1, type: 3}
      propertyPath: m_LocalPosition.y
      value: 17.20194
      objectReference: {fileID: 0}
    - target: {fileID: 5119133696162124252, guid: b10f8cb102217e747ad07071873945e1, type: 3}
      propertyPath: m_LocalPosition.z
      value: 203.2
      objectReference: {fileID: 0}
    - target: {fileID: 5119133696162124252, guid: b10f8cb102217e747ad07071873945e1, type: 3}
      propertyPath: m_LocalRotation.x
      value: -0
      objectReference: {fileID: 0}
    - target: {fileID: 5119133696162124252, guid: b10f8cb102217e747ad07071873945e1, type: 3}
      propertyPath: m_LocalRotation.y
      value: 0.7071068
      objectReference: {fileID: 0}
    - target: {fileID: 5119133696162124252, guid: b10f8cb102217e747ad07071873945e1, type: 3}
      propertyPath: m_LocalRotation.z
      value: -0
      objectReference: {fileID: 0}
    - target: {fileID: 5119133696162124252, guid: b10f8cb102217e747ad07071873945e1, type: 3}
      propertyPath: m_LocalRotation.w
      value: 0.7071068
      objectReference: {fileID: 0}
    - target: {fileID: 5119133696162124252, guid: b10f8cb102217e747ad07071873945e1, type: 3}
      propertyPath: m_RootOrder
      value: 7
      objectReference: {fileID: 0}
    - target: {fileID: 5119133696162124252, guid: b10f8cb102217e747ad07071873945e1, type: 3}
      propertyPath: m_LocalEulerAnglesHint.x
      value: 0
      objectReference: {fileID: 0}
    - target: {fileID: 5119133696162124252, guid: b10f8cb102217e747ad07071873945e1, type: 3}
      propertyPath: m_LocalEulerAnglesHint.y
      value: 90
      objectReference: {fileID: 0}
    - target: {fileID: 5119133696162124252, guid: b10f8cb102217e747ad07071873945e1, type: 3}
      propertyPath: m_LocalEulerAnglesHint.z
      value: 0
      objectReference: {fileID: 0}
    - target: {fileID: 5119133696162124252, guid: b10f8cb102217e747ad07071873945e1, type: 3}
      propertyPath: m_LocalScale.x
      value: 8
      objectReference: {fileID: 0}
    - target: {fileID: 5119133696162124252, guid: b10f8cb102217e747ad07071873945e1, type: 3}
      propertyPath: m_LocalScale.y
      value: 2
      objectReference: {fileID: 0}
    - target: {fileID: 5119133696162124252, guid: b10f8cb102217e747ad07071873945e1, type: 3}
      propertyPath: m_LocalScale.z
      value: 2.32
      objectReference: {fileID: 0}
    m_RemovedComponents: []
  m_SourcePrefab: {fileID: 100100000, guid: b10f8cb102217e747ad07071873945e1, type: 3}
--- !u!4 &1781643473 stripped
Transform:
  m_CorrespondingSourceObject: {fileID: 5119133696162124252, guid: b10f8cb102217e747ad07071873945e1, type: 3}
  m_PrefabInstance: {fileID: 1728714530}
  m_PrefabAsset: {fileID: 0}
--- !u!1001 &1799172703
PrefabInstance:
  m_ObjectHideFlags: 0
  serializedVersion: 2
  m_Modification:
    m_TransformParent: {fileID: 127362393}
    m_Modifications:
    - target: {fileID: 5119133696162124231, guid: b10f8cb102217e747ad07071873945e1, type: 3}
      propertyPath: m_Name
      value: Obstacle (19)
      objectReference: {fileID: 0}
    - target: {fileID: 5119133696162124252, guid: b10f8cb102217e747ad07071873945e1, type: 3}
      propertyPath: m_LocalPosition.x
      value: -4.5
      objectReference: {fileID: 0}
    - target: {fileID: 5119133696162124252, guid: b10f8cb102217e747ad07071873945e1, type: 3}
      propertyPath: m_LocalPosition.y
      value: 18.20194
      objectReference: {fileID: 0}
    - target: {fileID: 5119133696162124252, guid: b10f8cb102217e747ad07071873945e1, type: 3}
      propertyPath: m_LocalPosition.z
      value: 254.09999
      objectReference: {fileID: 0}
    - target: {fileID: 5119133696162124252, guid: b10f8cb102217e747ad07071873945e1, type: 3}
      propertyPath: m_LocalRotation.x
      value: -0
      objectReference: {fileID: 0}
    - target: {fileID: 5119133696162124252, guid: b10f8cb102217e747ad07071873945e1, type: 3}
      propertyPath: m_LocalRotation.y
      value: -0
      objectReference: {fileID: 0}
    - target: {fileID: 5119133696162124252, guid: b10f8cb102217e747ad07071873945e1, type: 3}
      propertyPath: m_LocalRotation.z
      value: 0.7071068
      objectReference: {fileID: 0}
    - target: {fileID: 5119133696162124252, guid: b10f8cb102217e747ad07071873945e1, type: 3}
      propertyPath: m_LocalRotation.w
      value: 0.7071068
      objectReference: {fileID: 0}
    - target: {fileID: 5119133696162124252, guid: b10f8cb102217e747ad07071873945e1, type: 3}
      propertyPath: m_RootOrder
      value: 18
      objectReference: {fileID: 0}
    - target: {fileID: 5119133696162124252, guid: b10f8cb102217e747ad07071873945e1, type: 3}
      propertyPath: m_LocalEulerAnglesHint.x
      value: 0
      objectReference: {fileID: 0}
    - target: {fileID: 5119133696162124252, guid: b10f8cb102217e747ad07071873945e1, type: 3}
      propertyPath: m_LocalEulerAnglesHint.y
      value: 0
      objectReference: {fileID: 0}
    - target: {fileID: 5119133696162124252, guid: b10f8cb102217e747ad07071873945e1, type: 3}
      propertyPath: m_LocalEulerAnglesHint.z
      value: 90
      objectReference: {fileID: 0}
    - target: {fileID: 5119133696162124252, guid: b10f8cb102217e747ad07071873945e1, type: 3}
      propertyPath: m_LocalScale.x
      value: 4
      objectReference: {fileID: 0}
    - target: {fileID: 5119133696162124252, guid: b10f8cb102217e747ad07071873945e1, type: 3}
      propertyPath: m_LocalScale.y
      value: 2
      objectReference: {fileID: 0}
    - target: {fileID: 5119133696162124252, guid: b10f8cb102217e747ad07071873945e1, type: 3}
      propertyPath: m_LocalScale.z
      value: 2.32
      objectReference: {fileID: 0}
    m_RemovedComponents: []
  m_SourcePrefab: {fileID: 100100000, guid: b10f8cb102217e747ad07071873945e1, type: 3}
--- !u!1001 &1816907353
PrefabInstance:
  m_ObjectHideFlags: 0
  serializedVersion: 2
  m_Modification:
    m_TransformParent: {fileID: 127362393}
    m_Modifications:
    - target: {fileID: 5119133696162124231, guid: b10f8cb102217e747ad07071873945e1, type: 3}
      propertyPath: m_Name
      value: Obstacle (3)
      objectReference: {fileID: 0}
    - target: {fileID: 5119133696162124252, guid: b10f8cb102217e747ad07071873945e1, type: 3}
      propertyPath: m_LocalPosition.x
      value: -8.57
      objectReference: {fileID: 0}
    - target: {fileID: 5119133696162124252, guid: b10f8cb102217e747ad07071873945e1, type: 3}
      propertyPath: m_LocalPosition.y
      value: 17.20194
      objectReference: {fileID: 0}
    - target: {fileID: 5119133696162124252, guid: b10f8cb102217e747ad07071873945e1, type: 3}
      propertyPath: m_LocalPosition.z
      value: 35.3
      objectReference: {fileID: 0}
    - target: {fileID: 5119133696162124252, guid: b10f8cb102217e747ad07071873945e1, type: 3}
      propertyPath: m_LocalRotation.x
      value: -0
      objectReference: {fileID: 0}
    - target: {fileID: 5119133696162124252, guid: b10f8cb102217e747ad07071873945e1, type: 3}
      propertyPath: m_LocalRotation.y
      value: -0
      objectReference: {fileID: 0}
    - target: {fileID: 5119133696162124252, guid: b10f8cb102217e747ad07071873945e1, type: 3}
      propertyPath: m_LocalRotation.z
      value: -0
      objectReference: {fileID: 0}
    - target: {fileID: 5119133696162124252, guid: b10f8cb102217e747ad07071873945e1, type: 3}
      propertyPath: m_LocalRotation.w
      value: 1
      objectReference: {fileID: 0}
    - target: {fileID: 5119133696162124252, guid: b10f8cb102217e747ad07071873945e1, type: 3}
      propertyPath: m_RootOrder
      value: 2
      objectReference: {fileID: 0}
    - target: {fileID: 5119133696162124252, guid: b10f8cb102217e747ad07071873945e1, type: 3}
      propertyPath: m_LocalEulerAnglesHint.x
      value: 0
      objectReference: {fileID: 0}
    - target: {fileID: 5119133696162124252, guid: b10f8cb102217e747ad07071873945e1, type: 3}
      propertyPath: m_LocalEulerAnglesHint.y
      value: 0
      objectReference: {fileID: 0}
    - target: {fileID: 5119133696162124252, guid: b10f8cb102217e747ad07071873945e1, type: 3}
      propertyPath: m_LocalEulerAnglesHint.z
      value: 0
      objectReference: {fileID: 0}
    - target: {fileID: 5119133696162124252, guid: b10f8cb102217e747ad07071873945e1, type: 3}
      propertyPath: m_LocalScale.x
      value: 6
      objectReference: {fileID: 0}
    - target: {fileID: 5119133696162124252, guid: b10f8cb102217e747ad07071873945e1, type: 3}
      propertyPath: m_LocalScale.y
      value: 2
      objectReference: {fileID: 0}
    - target: {fileID: 5119133696162124252, guid: b10f8cb102217e747ad07071873945e1, type: 3}
      propertyPath: m_LocalScale.z
      value: 2.32
      objectReference: {fileID: 0}
    m_RemovedComponents: []
  m_SourcePrefab: {fileID: 100100000, guid: b10f8cb102217e747ad07071873945e1, type: 3}
--- !u!4 &1856941651 stripped
Transform:
  m_CorrespondingSourceObject: {fileID: 5119133696162124252, guid: b10f8cb102217e747ad07071873945e1, type: 3}
  m_PrefabInstance: {fileID: 1584436304}
  m_PrefabAsset: {fileID: 0}
--- !u!1001 &1865102854
PrefabInstance:
  m_ObjectHideFlags: 0
  serializedVersion: 2
  m_Modification:
    m_TransformParent: {fileID: 127362393}
    m_Modifications:
    - target: {fileID: 5119133696162124231, guid: b10f8cb102217e747ad07071873945e1, type: 3}
      propertyPath: m_Name
      value: Obstacle (6)
      objectReference: {fileID: 0}
    - target: {fileID: 5119133696162124252, guid: b10f8cb102217e747ad07071873945e1, type: 3}
      propertyPath: m_LocalPosition.x
      value: -8.57
      objectReference: {fileID: 0}
    - target: {fileID: 5119133696162124252, guid: b10f8cb102217e747ad07071873945e1, type: 3}
      propertyPath: m_LocalPosition.y
      value: 17.20194
      objectReference: {fileID: 0}
    - target: {fileID: 5119133696162124252, guid: b10f8cb102217e747ad07071873945e1, type: 3}
      propertyPath: m_LocalPosition.z
      value: 128.3
      objectReference: {fileID: 0}
    - target: {fileID: 5119133696162124252, guid: b10f8cb102217e747ad07071873945e1, type: 3}
      propertyPath: m_LocalRotation.x
      value: -0
      objectReference: {fileID: 0}
    - target: {fileID: 5119133696162124252, guid: b10f8cb102217e747ad07071873945e1, type: 3}
      propertyPath: m_LocalRotation.y
      value: -0
      objectReference: {fileID: 0}
    - target: {fileID: 5119133696162124252, guid: b10f8cb102217e747ad07071873945e1, type: 3}
      propertyPath: m_LocalRotation.z
      value: -0
      objectReference: {fileID: 0}
    - target: {fileID: 5119133696162124252, guid: b10f8cb102217e747ad07071873945e1, type: 3}
      propertyPath: m_LocalRotation.w
      value: 1
      objectReference: {fileID: 0}
    - target: {fileID: 5119133696162124252, guid: b10f8cb102217e747ad07071873945e1, type: 3}
      propertyPath: m_RootOrder
      value: 9
      objectReference: {fileID: 0}
    - target: {fileID: 5119133696162124252, guid: b10f8cb102217e747ad07071873945e1, type: 3}
      propertyPath: m_LocalEulerAnglesHint.x
      value: 0
      objectReference: {fileID: 0}
    - target: {fileID: 5119133696162124252, guid: b10f8cb102217e747ad07071873945e1, type: 3}
      propertyPath: m_LocalEulerAnglesHint.y
      value: 0
      objectReference: {fileID: 0}
    - target: {fileID: 5119133696162124252, guid: b10f8cb102217e747ad07071873945e1, type: 3}
      propertyPath: m_LocalEulerAnglesHint.z
      value: 0
      objectReference: {fileID: 0}
    - target: {fileID: 5119133696162124252, guid: b10f8cb102217e747ad07071873945e1, type: 3}
      propertyPath: m_LocalScale.x
      value: 6
      objectReference: {fileID: 0}
    - target: {fileID: 5119133696162124252, guid: b10f8cb102217e747ad07071873945e1, type: 3}
      propertyPath: m_LocalScale.y
      value: 2
      objectReference: {fileID: 0}
    - target: {fileID: 5119133696162124252, guid: b10f8cb102217e747ad07071873945e1, type: 3}
      propertyPath: m_LocalScale.z
      value: 2.32
      objectReference: {fileID: 0}
    m_RemovedComponents: []
  m_SourcePrefab: {fileID: 100100000, guid: b10f8cb102217e747ad07071873945e1, type: 3}
--- !u!1001 &1866346991
PrefabInstance:
  m_ObjectHideFlags: 0
  serializedVersion: 2
  m_Modification:
    m_TransformParent: {fileID: 127362393}
    m_Modifications:
    - target: {fileID: 5119133696162124231, guid: b10f8cb102217e747ad07071873945e1, type: 3}
      propertyPath: m_Name
      value: Obstacle (12)
      objectReference: {fileID: 0}
    - target: {fileID: 5119133696162124252, guid: b10f8cb102217e747ad07071873945e1, type: 3}
      propertyPath: m_LocalPosition.x
      value: -6.4
      objectReference: {fileID: 0}
    - target: {fileID: 5119133696162124252, guid: b10f8cb102217e747ad07071873945e1, type: 3}
      propertyPath: m_LocalPosition.y
      value: 17.20194
      objectReference: {fileID: 0}
    - target: {fileID: 5119133696162124252, guid: b10f8cb102217e747ad07071873945e1, type: 3}
      propertyPath: m_LocalPosition.z
      value: 235
      objectReference: {fileID: 0}
    - target: {fileID: 5119133696162124252, guid: b10f8cb102217e747ad07071873945e1, type: 3}
      propertyPath: m_LocalRotation.x
      value: -0
      objectReference: {fileID: 0}
    - target: {fileID: 5119133696162124252, guid: b10f8cb102217e747ad07071873945e1, type: 3}
      propertyPath: m_LocalRotation.y
      value: -0
      objectReference: {fileID: 0}
    - target: {fileID: 5119133696162124252, guid: b10f8cb102217e747ad07071873945e1, type: 3}
      propertyPath: m_LocalRotation.z
      value: -0
      objectReference: {fileID: 0}
    - target: {fileID: 5119133696162124252, guid: b10f8cb102217e747ad07071873945e1, type: 3}
      propertyPath: m_LocalRotation.w
      value: 1
      objectReference: {fileID: 0}
    - target: {fileID: 5119133696162124252, guid: b10f8cb102217e747ad07071873945e1, type: 3}
      propertyPath: m_RootOrder
      value: 14
      objectReference: {fileID: 0}
    - target: {fileID: 5119133696162124252, guid: b10f8cb102217e747ad07071873945e1, type: 3}
      propertyPath: m_LocalEulerAnglesHint.x
      value: 0
      objectReference: {fileID: 0}
    - target: {fileID: 5119133696162124252, guid: b10f8cb102217e747ad07071873945e1, type: 3}
      propertyPath: m_LocalEulerAnglesHint.y
      value: 0
      objectReference: {fileID: 0}
    - target: {fileID: 5119133696162124252, guid: b10f8cb102217e747ad07071873945e1, type: 3}
      propertyPath: m_LocalEulerAnglesHint.z
      value: 0
      objectReference: {fileID: 0}
    - target: {fileID: 5119133696162124252, guid: b10f8cb102217e747ad07071873945e1, type: 3}
      propertyPath: m_LocalScale.x
      value: 6
      objectReference: {fileID: 0}
    - target: {fileID: 5119133696162124252, guid: b10f8cb102217e747ad07071873945e1, type: 3}
      propertyPath: m_LocalScale.y
      value: 2
      objectReference: {fileID: 0}
    - target: {fileID: 5119133696162124252, guid: b10f8cb102217e747ad07071873945e1, type: 3}
      propertyPath: m_LocalScale.z
      value: 2.32
      objectReference: {fileID: 0}
    m_RemovedComponents: []
  m_SourcePrefab: {fileID: 100100000, guid: b10f8cb102217e747ad07071873945e1, type: 3}
--- !u!1 &1873900935 stripped
GameObject:
  m_CorrespondingSourceObject: {fileID: 7976473528750461946, guid: 3835751ac9fdf9c40b6605f3a13dcbfe, type: 3}
  m_PrefabInstance: {fileID: 7976473528168556157}
  m_PrefabAsset: {fileID: 0}
--- !u!1 &1880023598 stripped
GameObject:
  m_CorrespondingSourceObject: {fileID: 7976473528973509715, guid: 3835751ac9fdf9c40b6605f3a13dcbfe, type: 3}
  m_PrefabInstance: {fileID: 7976473528168556157}
  m_PrefabAsset: {fileID: 0}
--- !u!1001 &1909324644
PrefabInstance:
  m_ObjectHideFlags: 0
  serializedVersion: 2
  m_Modification:
    m_TransformParent: {fileID: 127362393}
    m_Modifications:
    - target: {fileID: 5119133696162124231, guid: b10f8cb102217e747ad07071873945e1, type: 3}
      propertyPath: m_Name
      value: Obstacle (5)
      objectReference: {fileID: 0}
    - target: {fileID: 5119133696162124252, guid: b10f8cb102217e747ad07071873945e1, type: 3}
      propertyPath: m_LocalPosition.x
      value: -4.5099993
      objectReference: {fileID: 0}
    - target: {fileID: 5119133696162124252, guid: b10f8cb102217e747ad07071873945e1, type: 3}
      propertyPath: m_LocalPosition.y
      value: 18.20194
      objectReference: {fileID: 0}
    - target: {fileID: 5119133696162124252, guid: b10f8cb102217e747ad07071873945e1, type: 3}
      propertyPath: m_LocalPosition.z
      value: 35.3
      objectReference: {fileID: 0}
    - target: {fileID: 5119133696162124252, guid: b10f8cb102217e747ad07071873945e1, type: 3}
      propertyPath: m_LocalRotation.x
      value: -0
      objectReference: {fileID: 0}
    - target: {fileID: 5119133696162124252, guid: b10f8cb102217e747ad07071873945e1, type: 3}
      propertyPath: m_LocalRotation.y
      value: -0
      objectReference: {fileID: 0}
    - target: {fileID: 5119133696162124252, guid: b10f8cb102217e747ad07071873945e1, type: 3}
      propertyPath: m_LocalRotation.z
      value: 0.7071068
      objectReference: {fileID: 0}
    - target: {fileID: 5119133696162124252, guid: b10f8cb102217e747ad07071873945e1, type: 3}
      propertyPath: m_LocalRotation.w
      value: 0.7071068
      objectReference: {fileID: 0}
    - target: {fileID: 5119133696162124252, guid: b10f8cb102217e747ad07071873945e1, type: 3}
      propertyPath: m_RootOrder
      value: 4
      objectReference: {fileID: 0}
    - target: {fileID: 5119133696162124252, guid: b10f8cb102217e747ad07071873945e1, type: 3}
      propertyPath: m_LocalEulerAnglesHint.x
      value: 0
      objectReference: {fileID: 0}
    - target: {fileID: 5119133696162124252, guid: b10f8cb102217e747ad07071873945e1, type: 3}
      propertyPath: m_LocalEulerAnglesHint.y
      value: 0
      objectReference: {fileID: 0}
    - target: {fileID: 5119133696162124252, guid: b10f8cb102217e747ad07071873945e1, type: 3}
      propertyPath: m_LocalEulerAnglesHint.z
      value: 90
      objectReference: {fileID: 0}
    - target: {fileID: 5119133696162124252, guid: b10f8cb102217e747ad07071873945e1, type: 3}
      propertyPath: m_LocalScale.x
      value: 4
      objectReference: {fileID: 0}
    - target: {fileID: 5119133696162124252, guid: b10f8cb102217e747ad07071873945e1, type: 3}
      propertyPath: m_LocalScale.y
      value: 2
      objectReference: {fileID: 0}
    - target: {fileID: 5119133696162124252, guid: b10f8cb102217e747ad07071873945e1, type: 3}
      propertyPath: m_LocalScale.z
      value: 2.32
      objectReference: {fileID: 0}
    m_RemovedComponents: []
  m_SourcePrefab: {fileID: 100100000, guid: b10f8cb102217e747ad07071873945e1, type: 3}
--- !u!1001 &1935905806
PrefabInstance:
  m_ObjectHideFlags: 0
  serializedVersion: 2
  m_Modification:
    m_TransformParent: {fileID: 127362393}
    m_Modifications:
    - target: {fileID: 5119133696162124231, guid: b10f8cb102217e747ad07071873945e1, type: 3}
      propertyPath: m_Name
      value: Obstacle (2)
      objectReference: {fileID: 0}
    - target: {fileID: 5119133696162124252, guid: b10f8cb102217e747ad07071873945e1, type: 3}
      propertyPath: m_LocalPosition.x
      value: -8.9
      objectReference: {fileID: 0}
    - target: {fileID: 5119133696162124252, guid: b10f8cb102217e747ad07071873945e1, type: 3}
      propertyPath: m_LocalPosition.y
      value: 17.20194
      objectReference: {fileID: 0}
    - target: {fileID: 5119133696162124252, guid: b10f8cb102217e747ad07071873945e1, type: 3}
      propertyPath: m_LocalPosition.z
      value: 14.7
      objectReference: {fileID: 0}
    - target: {fileID: 5119133696162124252, guid: b10f8cb102217e747ad07071873945e1, type: 3}
      propertyPath: m_LocalRotation.x
      value: -0
      objectReference: {fileID: 0}
    - target: {fileID: 5119133696162124252, guid: b10f8cb102217e747ad07071873945e1, type: 3}
      propertyPath: m_LocalRotation.y
      value: 0.7071068
      objectReference: {fileID: 0}
    - target: {fileID: 5119133696162124252, guid: b10f8cb102217e747ad07071873945e1, type: 3}
      propertyPath: m_LocalRotation.z
      value: -0
      objectReference: {fileID: 0}
    - target: {fileID: 5119133696162124252, guid: b10f8cb102217e747ad07071873945e1, type: 3}
      propertyPath: m_LocalRotation.w
      value: 0.7071068
      objectReference: {fileID: 0}
    - target: {fileID: 5119133696162124252, guid: b10f8cb102217e747ad07071873945e1, type: 3}
      propertyPath: m_RootOrder
      value: 1
      objectReference: {fileID: 0}
    - target: {fileID: 5119133696162124252, guid: b10f8cb102217e747ad07071873945e1, type: 3}
      propertyPath: m_LocalEulerAnglesHint.x
      value: 0
      objectReference: {fileID: 0}
    - target: {fileID: 5119133696162124252, guid: b10f8cb102217e747ad07071873945e1, type: 3}
      propertyPath: m_LocalEulerAnglesHint.y
      value: 90
      objectReference: {fileID: 0}
    - target: {fileID: 5119133696162124252, guid: b10f8cb102217e747ad07071873945e1, type: 3}
      propertyPath: m_LocalEulerAnglesHint.z
      value: 0
      objectReference: {fileID: 0}
    - target: {fileID: 5119133696162124252, guid: b10f8cb102217e747ad07071873945e1, type: 3}
      propertyPath: m_LocalScale.x
      value: 4
      objectReference: {fileID: 0}
    - target: {fileID: 5119133696162124252, guid: b10f8cb102217e747ad07071873945e1, type: 3}
      propertyPath: m_LocalScale.y
      value: 2
      objectReference: {fileID: 0}
    - target: {fileID: 5119133696162124252, guid: b10f8cb102217e747ad07071873945e1, type: 3}
      propertyPath: m_LocalScale.z
      value: 2.32
      objectReference: {fileID: 0}
    m_RemovedComponents: []
  m_SourcePrefab: {fileID: 100100000, guid: b10f8cb102217e747ad07071873945e1, type: 3}
--- !u!4 &1937140921 stripped
Transform:
  m_CorrespondingSourceObject: {fileID: 5119133696162124252, guid: b10f8cb102217e747ad07071873945e1, type: 3}
  m_PrefabInstance: {fileID: 690036815}
  m_PrefabAsset: {fileID: 0}
--- !u!1001 &2030892321
PrefabInstance:
  m_ObjectHideFlags: 0
  serializedVersion: 2
  m_Modification:
    m_TransformParent: {fileID: 127362393}
    m_Modifications:
    - target: {fileID: 5119133696162124231, guid: b10f8cb102217e747ad07071873945e1, type: 3}
      propertyPath: m_Name
      value: Obstacle (8)
      objectReference: {fileID: 0}
    - target: {fileID: 5119133696162124252, guid: b10f8cb102217e747ad07071873945e1, type: 3}
      propertyPath: m_LocalPosition.x
      value: -8.57
      objectReference: {fileID: 0}
    - target: {fileID: 5119133696162124252, guid: b10f8cb102217e747ad07071873945e1, type: 3}
      propertyPath: m_LocalPosition.y
      value: 17.20194
      objectReference: {fileID: 0}
    - target: {fileID: 5119133696162124252, guid: b10f8cb102217e747ad07071873945e1, type: 3}
      propertyPath: m_LocalPosition.z
      value: 254.09999
      objectReference: {fileID: 0}
    - target: {fileID: 5119133696162124252, guid: b10f8cb102217e747ad07071873945e1, type: 3}
      propertyPath: m_LocalRotation.x
      value: -0
      objectReference: {fileID: 0}
    - target: {fileID: 5119133696162124252, guid: b10f8cb102217e747ad07071873945e1, type: 3}
      propertyPath: m_LocalRotation.y
      value: -0
      objectReference: {fileID: 0}
    - target: {fileID: 5119133696162124252, guid: b10f8cb102217e747ad07071873945e1, type: 3}
      propertyPath: m_LocalRotation.z
      value: -0
      objectReference: {fileID: 0}
    - target: {fileID: 5119133696162124252, guid: b10f8cb102217e747ad07071873945e1, type: 3}
      propertyPath: m_LocalRotation.w
      value: 1
      objectReference: {fileID: 0}
    - target: {fileID: 5119133696162124252, guid: b10f8cb102217e747ad07071873945e1, type: 3}
      propertyPath: m_RootOrder
      value: 16
      objectReference: {fileID: 0}
    - target: {fileID: 5119133696162124252, guid: b10f8cb102217e747ad07071873945e1, type: 3}
      propertyPath: m_LocalEulerAnglesHint.x
      value: 0
      objectReference: {fileID: 0}
    - target: {fileID: 5119133696162124252, guid: b10f8cb102217e747ad07071873945e1, type: 3}
      propertyPath: m_LocalEulerAnglesHint.y
      value: 0
      objectReference: {fileID: 0}
    - target: {fileID: 5119133696162124252, guid: b10f8cb102217e747ad07071873945e1, type: 3}
      propertyPath: m_LocalEulerAnglesHint.z
      value: 0
      objectReference: {fileID: 0}
    - target: {fileID: 5119133696162124252, guid: b10f8cb102217e747ad07071873945e1, type: 3}
      propertyPath: m_LocalScale.x
      value: 6
      objectReference: {fileID: 0}
    - target: {fileID: 5119133696162124252, guid: b10f8cb102217e747ad07071873945e1, type: 3}
      propertyPath: m_LocalScale.y
      value: 2
      objectReference: {fileID: 0}
    - target: {fileID: 5119133696162124252, guid: b10f8cb102217e747ad07071873945e1, type: 3}
      propertyPath: m_LocalScale.z
      value: 2.32
      objectReference: {fileID: 0}
    m_RemovedComponents: []
  m_SourcePrefab: {fileID: 100100000, guid: b10f8cb102217e747ad07071873945e1, type: 3}
--- !u!1001 &2051402636
PrefabInstance:
  m_ObjectHideFlags: 0
  serializedVersion: 2
  m_Modification:
    m_TransformParent: {fileID: 127362393}
    m_Modifications:
    - target: {fileID: 5119133696162124231, guid: b10f8cb102217e747ad07071873945e1, type: 3}
      propertyPath: m_Name
      value: Obstacle (16)
      objectReference: {fileID: 0}
    - target: {fileID: 5119133696162124252, guid: b10f8cb102217e747ad07071873945e1, type: 3}
      propertyPath: m_LocalPosition.x
      value: -0.6
      objectReference: {fileID: 0}
    - target: {fileID: 5119133696162124252, guid: b10f8cb102217e747ad07071873945e1, type: 3}
      propertyPath: m_LocalPosition.y
      value: 18.20194
      objectReference: {fileID: 0}
    - target: {fileID: 5119133696162124252, guid: b10f8cb102217e747ad07071873945e1, type: 3}
      propertyPath: m_LocalPosition.z
      value: 90.1
      objectReference: {fileID: 0}
    - target: {fileID: 5119133696162124252, guid: b10f8cb102217e747ad07071873945e1, type: 3}
      propertyPath: m_LocalRotation.x
      value: -0
      objectReference: {fileID: 0}
    - target: {fileID: 5119133696162124252, guid: b10f8cb102217e747ad07071873945e1, type: 3}
      propertyPath: m_LocalRotation.y
      value: -0
      objectReference: {fileID: 0}
    - target: {fileID: 5119133696162124252, guid: b10f8cb102217e747ad07071873945e1, type: 3}
      propertyPath: m_LocalRotation.z
      value: 0.7071068
      objectReference: {fileID: 0}
    - target: {fileID: 5119133696162124252, guid: b10f8cb102217e747ad07071873945e1, type: 3}
      propertyPath: m_LocalRotation.w
      value: 0.7071068
      objectReference: {fileID: 0}
    - target: {fileID: 5119133696162124252, guid: b10f8cb102217e747ad07071873945e1, type: 3}
      propertyPath: m_RootOrder
      value: 13
      objectReference: {fileID: 0}
    - target: {fileID: 5119133696162124252, guid: b10f8cb102217e747ad07071873945e1, type: 3}
      propertyPath: m_LocalEulerAnglesHint.x
      value: 0
      objectReference: {fileID: 0}
    - target: {fileID: 5119133696162124252, guid: b10f8cb102217e747ad07071873945e1, type: 3}
      propertyPath: m_LocalEulerAnglesHint.y
      value: 0
      objectReference: {fileID: 0}
    - target: {fileID: 5119133696162124252, guid: b10f8cb102217e747ad07071873945e1, type: 3}
      propertyPath: m_LocalEulerAnglesHint.z
      value: 90
      objectReference: {fileID: 0}
    - target: {fileID: 5119133696162124252, guid: b10f8cb102217e747ad07071873945e1, type: 3}
      propertyPath: m_LocalScale.x
      value: 4
      objectReference: {fileID: 0}
    - target: {fileID: 5119133696162124252, guid: b10f8cb102217e747ad07071873945e1, type: 3}
      propertyPath: m_LocalScale.y
      value: 2
      objectReference: {fileID: 0}
    - target: {fileID: 5119133696162124252, guid: b10f8cb102217e747ad07071873945e1, type: 3}
      propertyPath: m_LocalScale.z
      value: 2.32
      objectReference: {fileID: 0}
    m_RemovedComponents: []
  m_SourcePrefab: {fileID: 100100000, guid: b10f8cb102217e747ad07071873945e1, type: 3}
--- !u!4 &2110673087 stripped
Transform:
  m_CorrespondingSourceObject: {fileID: 5119133696162124252, guid: b10f8cb102217e747ad07071873945e1, type: 3}
  m_PrefabInstance: {fileID: 1866346991}
  m_PrefabAsset: {fileID: 0}
--- !u!1001 &2535671882429699829
PrefabInstance:
  m_ObjectHideFlags: 0
  serializedVersion: 2
  m_Modification:
    m_TransformParent: {fileID: 0}
    m_Modifications:
    - target: {fileID: 2535671880846166597, guid: 53dcc41589520624487ddc8ea29bb8c1, type: 3}
      propertyPath: m_LocalPosition.x
      value: 0.08
      objectReference: {fileID: 0}
    - target: {fileID: 2535671880846166597, guid: 53dcc41589520624487ddc8ea29bb8c1, type: 3}
      propertyPath: m_LocalPosition.y
      value: 3
      objectReference: {fileID: 0}
    - target: {fileID: 2535671880846166597, guid: 53dcc41589520624487ddc8ea29bb8c1, type: 3}
      propertyPath: m_LocalPosition.z
      value: 354.7
      objectReference: {fileID: 0}
    - target: {fileID: 2535671880846166597, guid: 53dcc41589520624487ddc8ea29bb8c1, type: 3}
      propertyPath: m_LocalRotation.x
      value: 0
      objectReference: {fileID: 0}
    - target: {fileID: 2535671880846166597, guid: 53dcc41589520624487ddc8ea29bb8c1, type: 3}
      propertyPath: m_LocalRotation.y
      value: 0
      objectReference: {fileID: 0}
    - target: {fileID: 2535671880846166597, guid: 53dcc41589520624487ddc8ea29bb8c1, type: 3}
      propertyPath: m_LocalRotation.z
      value: 0
      objectReference: {fileID: 0}
    - target: {fileID: 2535671880846166597, guid: 53dcc41589520624487ddc8ea29bb8c1, type: 3}
      propertyPath: m_LocalRotation.w
      value: 1
      objectReference: {fileID: 0}
    - target: {fileID: 2535671880846166597, guid: 53dcc41589520624487ddc8ea29bb8c1, type: 3}
      propertyPath: m_RootOrder
      value: 9
      objectReference: {fileID: 0}
    - target: {fileID: 2535671880846166597, guid: 53dcc41589520624487ddc8ea29bb8c1, type: 3}
      propertyPath: m_LocalEulerAnglesHint.x
      value: 0
      objectReference: {fileID: 0}
    - target: {fileID: 2535671880846166597, guid: 53dcc41589520624487ddc8ea29bb8c1, type: 3}
      propertyPath: m_LocalEulerAnglesHint.y
      value: 0
      objectReference: {fileID: 0}
    - target: {fileID: 2535671880846166597, guid: 53dcc41589520624487ddc8ea29bb8c1, type: 3}
      propertyPath: m_LocalEulerAnglesHint.z
      value: 0
      objectReference: {fileID: 0}
    - target: {fileID: 2535671880846166617, guid: 53dcc41589520624487ddc8ea29bb8c1, type: 3}
      propertyPath: m_Name
      value: Win
      objectReference: {fileID: 0}
    m_RemovedComponents: []
  m_SourcePrefab: {fileID: 100100000, guid: 53dcc41589520624487ddc8ea29bb8c1, type: 3}
--- !u!1001 &7976473528168556157
PrefabInstance:
  m_ObjectHideFlags: 0
  serializedVersion: 2
  m_Modification:
    m_TransformParent: {fileID: 0}
    m_Modifications:
    - target: {fileID: 7976473528424952143, guid: 3835751ac9fdf9c40b6605f3a13dcbfe, type: 3}
      propertyPath: m_OnClick.m_PersistentCalls.m_Calls.Array.data[0].m_Target
      value: 
      objectReference: {fileID: 814811485}
    - target: {fileID: 7976473528555371969, guid: 3835751ac9fdf9c40b6605f3a13dcbfe, type: 3}
      propertyPath: player
      value: 
      objectReference: {fileID: 994378068}
    - target: {fileID: 7976473528646418061, guid: 3835751ac9fdf9c40b6605f3a13dcbfe, type: 3}
      propertyPath: m_LocalPosition.x
      value: 0
      objectReference: {fileID: 0}
    - target: {fileID: 7976473528646418061, guid: 3835751ac9fdf9c40b6605f3a13dcbfe, type: 3}
      propertyPath: m_LocalPosition.y
      value: 0
      objectReference: {fileID: 0}
    - target: {fileID: 7976473528646418061, guid: 3835751ac9fdf9c40b6605f3a13dcbfe, type: 3}
      propertyPath: m_LocalPosition.z
      value: 0
      objectReference: {fileID: 0}
    - target: {fileID: 7976473528646418061, guid: 3835751ac9fdf9c40b6605f3a13dcbfe, type: 3}
      propertyPath: m_LocalRotation.x
      value: 0
      objectReference: {fileID: 0}
    - target: {fileID: 7976473528646418061, guid: 3835751ac9fdf9c40b6605f3a13dcbfe, type: 3}
      propertyPath: m_LocalRotation.y
      value: 0
      objectReference: {fileID: 0}
    - target: {fileID: 7976473528646418061, guid: 3835751ac9fdf9c40b6605f3a13dcbfe, type: 3}
      propertyPath: m_LocalRotation.z
      value: 0
      objectReference: {fileID: 0}
    - target: {fileID: 7976473528646418061, guid: 3835751ac9fdf9c40b6605f3a13dcbfe, type: 3}
      propertyPath: m_LocalRotation.w
      value: 1
      objectReference: {fileID: 0}
    - target: {fileID: 7976473528646418061, guid: 3835751ac9fdf9c40b6605f3a13dcbfe, type: 3}
      propertyPath: m_RootOrder
      value: 6
      objectReference: {fileID: 0}
    - target: {fileID: 7976473528646418061, guid: 3835751ac9fdf9c40b6605f3a13dcbfe, type: 3}
      propertyPath: m_LocalEulerAnglesHint.x
      value: 0
      objectReference: {fileID: 0}
    - target: {fileID: 7976473528646418061, guid: 3835751ac9fdf9c40b6605f3a13dcbfe, type: 3}
      propertyPath: m_LocalEulerAnglesHint.y
      value: 0
      objectReference: {fileID: 0}
    - target: {fileID: 7976473528646418061, guid: 3835751ac9fdf9c40b6605f3a13dcbfe, type: 3}
      propertyPath: m_LocalEulerAnglesHint.z
      value: 0
      objectReference: {fileID: 0}
    - target: {fileID: 7976473528646418061, guid: 3835751ac9fdf9c40b6605f3a13dcbfe, type: 3}
      propertyPath: m_AnchoredPosition.x
      value: 0
      objectReference: {fileID: 0}
    - target: {fileID: 7976473528646418061, guid: 3835751ac9fdf9c40b6605f3a13dcbfe, type: 3}
      propertyPath: m_AnchoredPosition.y
      value: 0
      objectReference: {fileID: 0}
    - target: {fileID: 7976473528646418061, guid: 3835751ac9fdf9c40b6605f3a13dcbfe, type: 3}
      propertyPath: m_SizeDelta.x
      value: 0
      objectReference: {fileID: 0}
    - target: {fileID: 7976473528646418061, guid: 3835751ac9fdf9c40b6605f3a13dcbfe, type: 3}
      propertyPath: m_SizeDelta.y
      value: 0
      objectReference: {fileID: 0}
    - target: {fileID: 7976473528646418061, guid: 3835751ac9fdf9c40b6605f3a13dcbfe, type: 3}
      propertyPath: m_AnchorMin.x
      value: 0
      objectReference: {fileID: 0}
    - target: {fileID: 7976473528646418061, guid: 3835751ac9fdf9c40b6605f3a13dcbfe, type: 3}
      propertyPath: m_AnchorMin.y
      value: 0
      objectReference: {fileID: 0}
    - target: {fileID: 7976473528646418061, guid: 3835751ac9fdf9c40b6605f3a13dcbfe, type: 3}
      propertyPath: m_AnchorMax.x
      value: 0
      objectReference: {fileID: 0}
    - target: {fileID: 7976473528646418061, guid: 3835751ac9fdf9c40b6605f3a13dcbfe, type: 3}
      propertyPath: m_AnchorMax.y
      value: 0
      objectReference: {fileID: 0}
    - target: {fileID: 7976473528646418061, guid: 3835751ac9fdf9c40b6605f3a13dcbfe, type: 3}
      propertyPath: m_Pivot.x
      value: 0
      objectReference: {fileID: 0}
    - target: {fileID: 7976473528646418061, guid: 3835751ac9fdf9c40b6605f3a13dcbfe, type: 3}
      propertyPath: m_Pivot.y
      value: 0
      objectReference: {fileID: 0}
    - target: {fileID: 7976473528646418065, guid: 3835751ac9fdf9c40b6605f3a13dcbfe, type: 3}
      propertyPath: m_Name
      value: UI
      objectReference: {fileID: 0}
    - target: {fileID: 7976473528750461941, guid: 3835751ac9fdf9c40b6605f3a13dcbfe, type: 3}
      propertyPath: m_OnClick.m_PersistentCalls.m_Calls.Array.size
      value: 1
      objectReference: {fileID: 0}
    - target: {fileID: 7976473528750461941, guid: 3835751ac9fdf9c40b6605f3a13dcbfe, type: 3}
      propertyPath: m_OnClick.m_PersistentCalls.m_Calls.Array.data[0].m_Mode
      value: 1
      objectReference: {fileID: 0}
    - target: {fileID: 7976473528750461941, guid: 3835751ac9fdf9c40b6605f3a13dcbfe, type: 3}
      propertyPath: m_OnClick.m_PersistentCalls.m_Calls.Array.data[0].m_CallState
      value: 2
      objectReference: {fileID: 0}
    - target: {fileID: 7976473528750461941, guid: 3835751ac9fdf9c40b6605f3a13dcbfe, type: 3}
      propertyPath: m_OnClick.m_PersistentCalls.m_Calls.Array.data[0].m_Target
      value: 
      objectReference: {fileID: 814811485}
    - target: {fileID: 7976473528750461941, guid: 3835751ac9fdf9c40b6605f3a13dcbfe, type: 3}
      propertyPath: m_OnClick.m_PersistentCalls.m_Calls.Array.data[0].m_TargetAssemblyTypeName
      value: UIController, Assembly-CSharp
      objectReference: {fileID: 0}
    - target: {fileID: 7976473528750461941, guid: 3835751ac9fdf9c40b6605f3a13dcbfe, type: 3}
      propertyPath: m_OnClick.m_PersistentCalls.m_Calls.Array.data[0].m_MethodName
      value: NextLevel
      objectReference: {fileID: 0}
    - target: {fileID: 7976473528750461941, guid: 3835751ac9fdf9c40b6605f3a13dcbfe, type: 3}
      propertyPath: m_OnClick.m_PersistentCalls.m_Calls.Array.data[0].m_Arguments.m_ObjectArgumentAssemblyTypeName
      value: UnityEngine.Object, UnityEngine
      objectReference: {fileID: 0}
    - target: {fileID: 7976473528928510036, guid: 3835751ac9fdf9c40b6605f3a13dcbfe, type: 3}
      propertyPath: m_OnClick.m_PersistentCalls.m_Calls.Array.data[0].m_Target
      value: 
      objectReference: {fileID: 814811485}
    - target: {fileID: 7976473529327673880, guid: 3835751ac9fdf9c40b6605f3a13dcbfe, type: 3}
      propertyPath: m_OnClick.m_PersistentCalls.m_Calls.Array.data[0].m_Target
      value: 
      objectReference: {fileID: 814811485}
    - target: {fileID: 7976473529348376276, guid: 3835751ac9fdf9c40b6605f3a13dcbfe, type: 3}
      propertyPath: m_OnClick.m_PersistentCalls.m_Calls.Array.data[0].m_Target
      value: 
      objectReference: {fileID: 814811485}
    m_RemovedComponents: []
  m_SourcePrefab: {fileID: 100100000, guid: 3835751ac9fdf9c40b6605f3a13dcbfe, type: 3}
